3000 4875
1109 391 1159 465 il

271 603 332 690 Ep.
356 607 397 667 10
419 601 437 686 ξ
457 603 490 665 3.
531 598 619 664 Mira
634 599 778 685 quadani
794 601 904 683 synesi
921 598 1112 667 lenissimus
1128 623 1220 669 error

187 720 270 801 Ma,
288 743 331 785 ex
352 743 416 807 quo
435 720 494 785 Or.
511 718 658 803 scripsit:
682 753 726 764 —
744 718 882 803 „oppida
898 753 941 765 -
958 718 1147 786 Dalmatiae
1164 758 1219 803 -‚

134 840 136 842 ’
185 859 269 923 quae
296 842 361 925 ipsi
390 838 455 901 sibi
478 839 670 901 asciueront
696 857 728 903 a.
762 836 968 922 sexaginta¹⁴‚
992 837 1118 904 Uatinii
1139 843 1220 904 scri·

183 957 283 1023 bandi
305 979 410 1042 genus
431 958 544 1019 auxit:
566 956 621 1040 qui
653 958 708 1036 poi
725 959 793 1035 apri
811 956 941 1040 quidem
963 968 1051 1020 certa
1072 960 1222 1043 scripsis-

140 1137 147 1160 χ
185 1089 247 1140 set.
287 1074 576 1155 RecteErn.c‘pro‚
618 1071 671 1136 An
697 1071 795 1136 ualde
817 1075 934 1137 nrirutn
958 1086 1019 1153 est,
1043 1077 1129 1138 siin
1149 1074 1219 1140 Mt.

187 1215 233 1256 ex
256 1193 312 1258 SA
342 1192 464 1256 facturn
496 1202 547 1254 est
576 1188 639 1268 SI,
675 1193 868 1273 praesertim
887 1213 997 1277 'quum
1028 1203 1221 1277 sequeretur

188 1310 263 1375 SM
1004 1357 1007 1360 -

272 1427 334 1512 Ep.
358 1428 400 1489 12
423 1424 440 1508 §
463 1428 494 1490 1.
538 1423 746 1507 „Quotietsi
777 1423 859 1488 rnihi
887 1445 985 1511 saepe
1015 1427 1159 1492 ostendit
1187 1442 1221 1494 te

187 1567 261 1610 esse
293 1540 484 1609 faotururn“.
527 1541 582 1605 Sic
616 1540 717 1627 uolgo
748 1564 794 1606 ex
825 1541 895 1606 Mo.
924 1542 1056 1628 legitur.
1105 1546 1220 1611 Scribe

188 1685 234 1728 ex
252 1664 336 1727 coni.
357 1662 435 1724 Ern.
451 1658 581 1724 Orellio
598 1681 662 1722 non
681 1659 835 1746 probatas
851 1656 1027 1725 ostendisti
1043 1671 1086 1726 te.
1132 1663 1220 1728 Luc·

187 1784 278 1845 ocius
297 1782 384 1843 enirn
407 1776 506 1864 paulo
528 1789 605 1840 ante
627 1776 711 1840 hanc
733 1799 783 1860 ep.
805 1780 959 1865 scriptam
981 1782 1014 1843 in
1033 1781 1219 1845 Sardiniam

186 1900 353 1986 profectus
386 1907 457 1957 erat
480 1894 536 1973 (of.
562 1896 635 1958 init.
660 1916 712 1978 ep.
736 1917 809 1959 carn
834 1895 876 1972 Q.
907 1898 944 1961 F.
969 1895 1014 1975 ΙΙ,
1038 1901 1071 1977 (i,
1093 1899 1127 1975 2,
1148 1896 1220 1961 Aa.

187 2017 250 2095 IV,
270 2019 304 2094 θ,
328 2013 384 2094 4):
407 2023 517 2088 antea,
540 2031 638 2096 quum
656 2010 782 2076 Romae
807 2025 888 2090 erat,
910 2034 1009 2097 saepe
1033 2015 1221 2078 ostenderat

139 2179 141 2182 -
188 2157 226 2199 se
250 2131 420 2197 Ciceronis
440 2150 493 2191 res
514 2129 720 2213 scripturum.
771 2130 830 2194 Sin
853 2132 951 2195 etiarn
974 2153 1018 2194 ex
1043 2132 1137 2196 Sard.
1160 2153 1220 2218 per

188 2250 305 2316 literas
335 2252 431 2333 (qrras
459 2259 529 2309 turn
561 2246 621 2309 uix
652 2245 738 2310 ullas
763 2248 803 2311 ad
827 2244 896 2311 Cic.
918 2250 1106 2335 scripserat)
1137 2248 1221 2313 illud
1305 2261 1315 2276 ⁸

190 2368 363 2433 ostendere
382 2375 622 2448 perseueraret,
641 2365 863 2449 impudentior
882 2364 935 2428 hic
952 2365 1082 2445 fuisset,
1103 2368 1132 2429 si
1155 2379 1221 2432 tarn

192 2485 406 2548 uehementer
430 2483 461 2544 ei
486 2482 635 2543 instaret.
681 2479 834 2566 Denique
857 2479 926 2544 Cic.
957 2483 1034 2567 quid
1055 2486 1223 2571 scripserit

191 2600 255 2668 sibi
276 2603 347 2687 ipse
370 2600 464 2662 testis
486 2612 554 2673 est3
574 2597 618 2665 oi.
637 2596 655 2680 §
676 2600 710 2677 9,
736 2597 792 2662 ubi
811 2600 925 2664 eadem
943 2604 1107 2666 sententia
1128 2625 1223 2689 repe-

191 2724 290 2784 titor:
305 2738 420 2804 „quarn
447 2716 528 2799 rnihi
545 2737 643 2801 saepe
661 2717 844 2781 ostendero
863 2731 894 2781 te
909 2754 951 2766 -—
967 2721 1223 2785 rnandatururnt.

276 2837 337 2919 Ep.
361 2835 403 2897 15
425 2833 495 2915 54.
537 2832 606 2897 Hic
637 2842 673 2897 tu
705 2856 746 2898 eo
768 2833 1220 2901 neocaesariensem.

194 2956 250 3020 Sic
273 2968 405 3025 oornes3
438 2950 496 3013 sed
524 2951 559 3013 io
582 2948 653 3014 Md.
676 2973 791 3015 mance
815 2964 848 3015 et
869 2966 1021 3038 corrupte
1043 2967 1112 3018 cst:
1146 2961 1224 3019 tuae

195 3072 318 3137 obesse.
366 3069 507 3153 Scripsit
530 3066 600 3131 Cic.
623 3077 660 3133 tu
681 3069 723 3132 ab
746 3091 787 3135 eo
808 3092 857 3134 mc
878 3070 993 3135 artem
1017 3085 1074 3137 aut
1094 3075 1224 3159 potius:

193 3201 229 3256 tu
253 3211 303 3255 nee
331 3186 373 3252 ab
403 3206 443 3250 ea
465 3208 498 3250 a.
546 3188 723 3252 sexcentis
749 3188 832 3254 locis
864 3191 959 3254 dicit:
989 3191 1124 3274 „abesse
1145 3213 1167 3255 a
1188 3212 1224 3254 ro

194 3308 336 3392 aliqua&
367 3324 405 3367 rc
426 3302 540 3366 obesse
567 3307 689 3369 omissa
716 3310 973 3389 praepositione,
1003 3308 1224 3392 quodecim,

195 3445 260 3487 non
282 3421 405 3506 legitur
428 3421 492 3482 nisi
523 3418 628 3483 tribus
657 3433 787 3505 praeter
811 3421 898 3485 huno
926 3421 1009 3485 locis
1043 3424 1131 3504 (nam
1154 3423 1225 3488 Att.

195 3539 257 3619 ΙΙΙ,
280 3540 376 3617 15,2
406 3537 491 3622 quod
523 3534 609 3617 apud
641 3536 701 3599 Or.
724 3534 865 3622 legitur:
895 3550 992 3623 ,sputo
1015 3544 1077 3601 isto
1098 3539 1224 3605 sceiere

195 3658 370 3738 abfuisse„
395 3676 487 3718 error
510 3666 637 3740 typogr.
658 3666 727 3729 est3
747 3667 823 3719 cett.
842 3656 915 3720 edd.
938 3670 1025 3722 recta
1042 3679 1076 3742 p.
1097 3656 1138 3722 ab
1161 3664 1225 3723 isto

195 3778 288 3859 cet.):
312 3774 404 3840 Fam.
428 3771 489 3850 IV,
510 3774 543 3853 (i,
564 3774 603 3837 2:
627 3769 759 3858 „ltaque
776 3785 809 3837 et
827 3773 919 3841 dome
937 3773 1053 3843 absum
1070 3776 1225 3857 etsorot,

300 4070 369 4125 dett.
394 4070 476 4126 codri.
508 4088 543 4126 ex
567 4072 815 4143 patri-factumst
840 4076 903 4130 siue
925 4094 978 4149 per
1002 4084 1031 4131 tc
1057 4077 1120 4131 siue
1138 4084 1225 4150 portu

301 4163 363 4216 siue
380 4166 473 4232 porti,
495 4165 657 4238 mendaque
675 4185 735 4219 non
752 4165 847 4222 deleto
866 4174 945 4222 reete
961 4168 1099 4242 scriptum
1111 4172 1224 4241 patri·.

300 4253 335 4306 in
360 4253 482 4310 dirorum
505 4273 586 4311 uoce.
612 4258 750 4330 asyndeto
769 4277 840 4314 arrae
858 4259 908 4314 nix
926 4260 1077 4334 quisquam
1093 4262 1226 4317 haesitat.
