3000 4875
1103 353 1154 422 39

185 564 352 634 nouerat,
380 554 456 620 ideo
479 557 519 619 de
543 577 579 620 se
599 555 688 621 Delo
711 555 941 642 proficiscente
965 575 1157 642 pronomen,
1182 569 1218 620 nt

184 658 283 755 sores,
307 672 441 737 arone
456 693 522 737 mn
543 669 668 759 ponit:
694 676 730 738 n
754 674 883 740 rannus
906 673 1067 738 trin-ers.
1090 692 1152 752 ne,
1181 685 1218 736 ot

184 792 276 870 elini,
311 802 388 856 ante
417 812 467 860 nto
490 791 626 857 excidit.
675 791 806 857 Deinde
829 805 918 857 certe
935 792 992 869 {sic
1012 790 1217 873 distinguen-

183 899 259 976 dnm
273 910 361 973 ilnit:
386 907 418 983 s.
435 909 493 989 1),
514 929 576 974 nec
595 932 797 993 —;·prosae
821 914 908 976 enirn
931 910 1090 973 orationis
1111 909 1216 992 scrip·

182 1027 308 1095 totilins
327 1045 393 1090 non
411 1025 505 1091 licuit
526 1027 705 1113 particulae
730 1037 774 1107 et,
799 1048 873 1102 nec,
898 1036 967 1107 cni,
988 1024 1049 1091 sed
1070 1037 1132 1090 cet.
1157 1027 1216 1089 nni

181 1135 377 1233 plnribnsne
414 1163 494 1208 snae
531 1146 717 1209 sententiae
747 1145 863 1209 uerbis
893 1158 1103 1231 postponere.
1147 1143 1215 1208 Sed

181 1265 288 1342 Delo,
320 1257 486 1348 qnoniam·
515 1283 588 1327 cum
622 1260 711 1325 nihil
729 1261 817 1338 fest.
850 1263 1009 1348 coniungi
1045 1270 1120 1340 apte
1148 1280 1215 1323 non

179 1391 322 1465 potest,
347 1391 405 1441 ent
433 1369 480 1442 ex
516 1378 637 1442 Faerni
670 1380 779 1458 conl,
818 1392 855 1442 nt
888 1379 1074 1466 glossema,
1108 1384 1215 1449 deleri
1311 1441 1319 1454 ,

179 1499 335 1585 oportuit,
357 1487 485 1573 ant,*nt'
505 1493 586 1557 milri
600 1492 723 1576 placet,
742 1515 787 1559 ex
804 1495 844 1560 L.
866 1512 941 1582 post
963 1519 1013 1562 sne
1029 1503 1212 1588 transponi.

178 1615 368 1681 Aberrauit·
388 1610 585 1676 libratione
613 1612 716 1675 need
747 1613 799 1678 de.
822 1647 865 1662 -
893 1614 954 1695 vl,
986 1616 1014 1695 Ι,
1043 1617 1082 1682 ln
1109 1618 1214 1703 uulgo

177 1732 302 1819 legitur
331 1730 372 1794 de
407 1728 476 1808 lter,
492 1704 774 1813 possessionibus,
807 1730 850 1794 de
870 1730 964 1796 tonis
990 1734 1214 1819 possidendis,

178 1848 562 1934 magistris=(assctinnis)
586 1844 776 1927 faciendis,
795 1848 998 1915 vendendis:
1023 1839 1117 1937 qussi
1142 1849 1212 1918 Cic.

178 1967 218 2030 de
247 1963 429 2029 sentiendis
458 1968 628 2047 magistris
660 1964 790 2028 edicere
825 1969 986 2049 potuerit:
1028 1989 1104 2033 nam
1134 1965 1214 2033 Ma-

58 2120 63 2131 ·
177 2085 259 2148 nntii
283 2080 464 2165 explicatio
487 2080 553 2162 („nt
583 2079 669 2144 donn
686 2083 854 2167 magistris
865 2081 980 2158 scetis
996 2085 1211 2166 cendantnt')

154 2202 239 2280 nix
273 2189 360 2261 ¹sano
392 2191 544 2282 cuiqnam
575 2195 746 2262 Ciceronis
783 2197 899 2264 lectori
929 2201 1063 2285 probari
1091 2214 1212 2286 potest.

176 2318 256 2380 Sine
293 2313 393 2378 dnbio
431 2331 546 2376 nerum
589 2315 673 2378 uidit
704 2314 763 2388 L,
792 2318 848 2400 qni
880 2316 977 2381 send.
1015 2331 1092 2381 ante
1123 2337 1214 2400 mag.

176 2431 364 2498 cnllncnuit.
418 2427 502 2494 Mihi
527 2443 638 2493 tannen
670 2432 704 2492 in
728 2440 876 2494 arentem
900 2434 1003 2510 uenit,
1036 2432 1211 2499 librarium

175 2548 245 2614 Md.
281 2545 686 2630 (necessitantur),
727 2568 838 2611 errore
862 2549 1003 2633 qrrodnnr
1028 2553 1109 2615 satis
1143 2552 1211 2615 fre·
1319 2585 1322 2590 ·

178 2668 290 2753 quenti
304 2665 328 2748 ¹)
353 2684 452 2752 quoin
475 2675 609 2748 propter
632 2666 821 2748 proximum
841 2686 982 2749 possess.
998 2669 1212 2752 possidendis

175 2785 374 2868 scripsisset,
404 2792 479 2866 post
496 2779 686 2859 faciendis,
718 2781 882 2847 addidisse
911 2786 1107 2858 condendis,
1143 2807 1209 2849 non

174 2900 283 2966 deleto
306 2896 392 2962 lalso
413 2918 484 2960 uon.
505 2897 631 2980 possid.
678 2897 735 2961 Sic
770 2897 828 2976 (de
848 2897 879 2960 b.
894 2918 937 2975 sn,
957 2920 998 2962 sn.
1017 2898 1063 2980 f.)
1085 2901 1115 2962 si
1137 2897 1209 2962 Cio,

172 3020 315 3105 scripsit,
349 3011 488 3079 alterius
519 3012 658 3077 membri
686 3013 771 3078 dirae
803 3026 880 3078 sunt
901 3028 1009 3101 partes
1031 3015 1207 3102 aequales:

175 3182 407 3205 ...a-nnn·—

226 3288 250 3356 ι)
275 3284 330 3348 cf„
341 3290 375 3336 ut
386 3281 525 3336 nonnulle
537 3264 665 3353 exempla
675 3280 724 3335 hic
735 3299 849 3355 ponam.
862 3283 912 3348 vl,
923 3288 950 3348 2,
960 3288 987 3349 3,
998 3284 1048 3340 uhi
1058 3284 1206 3349 librarius,

276 3391 365 3447 qum
383 3392 437 3445 pro
456 3376 493 3430 de
510 3377 565 3427 isto
583 3375 622 3426 D·
640 3372 808 3445 scripsisset
825 3375 861 3428 de
874 3376 927 3428 den
942 3382 1029 3448 etque
1044 3394 1079 3431 ex
1095 3379 1206 3448 superi-

277 3483 327 3519 ore
353 3482 441 3520 uersu
468 3484 531 3521 essm
549 3465 712 3536 repetisset,
742 3465 806 3535 ipse
830 3473 942 3520 rectum
966 3468 1042 3522 illud
1067 3473 1122 3524 ιἰιιι
1140 3471 1206 3526 Dic.

276 3554 406 3616 eddidit,
427 3554 479 3618 w,
498 3559 540 3618 16,
559 3559 586 3617 n,
609 3554 662 3607 ubi
681 3572 716 3609 ex
733 3556 803 3609 Erre.
825 3556 900 3611 coni.
918 3556 1086 3628 legendum:
1113 3562 1206 3615 dissito
1297 3621 1299 3625 ,

222 3660 226 3667 ’
274 3634 311 3690 -’-
335 3645 454 3717 magis
479 3675 516 3685 —
542 3649 698 3701 currendam
733 3646 859 3717 (scilicet
886 3666 939 3723 pro
965 3653 1056 3722 scapis
1083 3666 1116 3703 ex
1141 3669 1204 3723 sup·

273 3755 362 3793 uersu
379 3738 411 3792 in
423 3736 488 3792 'Md
509 3736 650 3808 scriptum
665 3742 812 3794 cetratis:
829 3740 920 3795 altera
937 3742 1007 3797 Erre
1027 3742 1101 3796 enni.
1121 3741 1204 3795 Orel-

272 3829 316 3887 lio
333 3831 425 3901 magis
443 3828 565 3902 proheta
584 3830 707 3900 (potins)
727 3832 852 3904 pessime
869 3839 930 3902 est3
954 3850 1048 3906 neque
1073 3832 1150 3886 enim
1169 3833 1206 3886 do

274 3923 416 3978 electione
442 3922 596 3984 cannonis,
631 3921 683 3975 sed
707 3921 744 3977 sle
771 3924 834 3978 eius
860 3926 1060 3995 magnitudine
1084 3924 1204 3994 egitur),

272 4013 311 4067 its.
332 4018 349 4081 s
367 4020 411 4079 Ν,
428 4013 478 4068 obi
496 4013 546 4066 0r.
562 4011 639 4066 uidit
654 4013 802 4069 solocense
818 4015 892 4069 illud
906 4019 1081 4084 triumphare
1099 4015 1130 4066 in
1141 4014 1202 4068 Md.

272 4111 342 4161 nel
375 4110 461 4176 (ιιι.2
490 4112 568 4160 recte
593 4107 846 4175 triumphaturum]
873 4114 969 4161 ortum
999 4119 1062 4156 esee
1090 4121 1124 4158 cx
1150 4103 1202 4160 inf.

274 4197 359 4267 paulo
381 4196 546 4270 superiore3
572 4194 638 4259 l'll,
655 4201 683 4260 2,
696 4201 724 4260 ³,
749 4197 811 4263 ubi,
839 4217 928 4272 qaum
953 4194 1090 4254 librarius
1127 4196 1203 4264 (sine
