3000 4875
359 360 408 433 io

305 570 347 646 il.
372 569 529 652 Leptam:
552 553 616 653 ego'
640 554 767 632 scribor
792 566 933 649 legatum
953 582 1050 629 meum
1068 546 1123 606 i*
1140 555 1175 647 ρ’.
1201 561 1242 637 il.
1264 563 1330 628 1...-

302 686 406 753 multo
423 686 508 748 euim
527 680 732 770 probabilius
749 695 801 746 est
819 673 894 767 post
913 700 1010 745 meum
1026 680 1194 744 excidisse
1211 702 1331 746 nomen

301 804 399 867 nnius
420 800 470 865 lv
489 798 659 865 Ciceronis
674 798 860 886 legatorum
882 801 932 879 (ιιι
953 800 1003 864 M.
1022 793 1209 880 Antoniou),
1234 819 1332 884 quum

302 918 344 984 uls
363 916 599 1003 interpolatore
613 911 724 1002 aliquo
746 913 1026 998 cooptassent
1048 913 1212 979 additum.
1243 912 1333 979 Note

300 1034 388 1101 Rufo
408 1032 512 1120 legnti
533 1048 567 1098 et
588 1034 746 1122 praefecti
769 1035 902 1098 nominc
925 1037 989 1097 οιιιΙ
1006 1030 1076 1097 Cic.
1098 1051 1164 1096 non
1186 1019 1336 1110 adderet,

298 1150 386 1215 nihil
419 1154 525 1237 magis
558 1172 677 1215 euusse
699 1151 773 1229 fuit,
804 1169 901 1235 quum
933 1171 991 1215 cur
1019 1147 1083 1233 §2
1113 1150 1226 1214 fratris
1254 1146 1333 1214 Rufi

300 1283 420 1334 nomeu¹
452 1269 518 1350 (M.
541 1267 729 1351 Mindium)
757 1290 823 1331 uon
853 1278 1002 1354 poneret.
1047 1266 1208 1332 Similiter
1230 1245 1330 1351 patilo

300 1400 377 1474 post
397 1389 432 1450 in
452 1384 522 1450 Md.
545 1397 620 1473 post
642 1386 870 1471 excogitatam
891 1385 1020 1449 excidit
1040 1407 1083 1447 ne
1103 1373 1299 1471 cogitatum.

383 1502 468 1567 Ibid.
492 1514 567 1589 post
603 1499 853 1584 ,liberalitatis,
874 1498 964 1587 quod
984 1487 1169 1564 inertis-'2
1190 1497 1332 1587 diligen·

300 1622 378 1700 tine,
400 1617 490 1707 quod
511 1619 760 1683 existimus-¹¹
782 1614 875 1680 nullu
897 1637 996 1681 ceusu
1020 1613 1102 1703 fingi
1130 1630 1249 1703 potest,
1272 1640 1332 1684 cris

300 1737 370 1802 cio.
391 1738 520 1801 unriots
535 1748 699 1801 structure
714 1735 899 1820 scripserit:
920 1734 1144 1820 ,prudentiae
1168 1757 1274 1823 quiem
1287 1769 1331 1786 -

298 1857 424 1942 putus¹¹.
470 1847 573 1919 Recte
596 1853 637 1918 L.
659 1874 718 1939 pro
742 1875 848 1941 quum
869 1838 1044 1937 temporali
1067 1852 1169 1937 (quod
1197 1874 1240 1916 ne
1272 1876 1331 1940 per

298 1973 481 2061 sequidem
500 1953 607 2058 ipsum
626 1982 691 2034 tum
709 1957 821 2057 uptuin
837 1960 901 2049 est)
918 1970 1066 2056 reposuit
1083 1963 1214 2034 causale
1231 1954 1331 2058 quod.

382 2090 432 2155 ln.
455 2091 474 2176 §
497 2092 529 2155 ts
571 2088 614 2154 N.
638 2086 677 2151 C.
699 2087 741 2153 L.
762 2099 862 2167 recte,
892 2098 927 2150 ut
955 2087 996 2152 tle
1028 2107 1093 2152 uun
1121 2108 1169 2167 re,
1191 2096 1330 2175 seripse-

298 2211 376 2272 runt
395 2199 457 2271 hoc
475 2228 534 2292 pro
550 2206 640 2271 laec
663 2197 772 2286 (lieo).-

381 2323 432 2393 Ib.
452 2325 470 2410 §
490 2327 523 2388 6.
564 2323 666 2389 Recte
681 2321 742 2388 L.=
763 2320 875 2404 ,Sicut
899 2323 1028 2401 scribis,
1050 2333 1073 2386 t.
1089 2330 1117 2386 c.
1135 2345 1165 2388 e.
1185 2347 1224 2403 r.‚
1247 2322 1330 2389 ilem

298 2441 420 2531 [ceteri
442 2441 552 2529 idem]
575 2443 647 2526 ipse
670 2433 817 2505 senciot.
846 2439 944 2504 Idem
970 2443 1018 2506 itu
1050 2442 1180 2507 demum
1205 2457 1328 2510 rectum

298 2571 399 2637 esset,
420 2561 451 2621 si
466 2559 694 2642 praecederet:
718 2556 820 2638 Quod
833 2555 951 2621 scribis
974 2586 1034 2622 -.
1078 2558 1202 2626 Contra
1227 2565 1328 2642 14,1‚

296 2676 356 2742 ubi
373 2686 435 2755 est,
451 2672 542 2763 quod
559 2675 640 2738 item
656 2697 745 2737 nnnc
765 2671 958 2759 [Lucceius
975 2678 1103 2762 opinor,
1121 2692 1208 2742 certe
1227 2682 1329 2766 scrip-

295 2796 395 2860 sisset
418 2793 523 2858 etiam
546 2789 653 2880 nunc]
676 2792 795 2871 utitor,
821 2814 884 2878 ego
908 2780 1017 2857 scribo
1044 2793 1148 2860 idem.

380 2912 465 2977 lbid.
487 2898 701 2977 uehementer
722 2911 824 2975 miror
846 2924 976 2995 praeter
994 2908 1099 2999 Beog.
1115 2927 1154 2978 vet
1168 2912 1206 2978 B.
1227 2916 1330 2979 nenii-

297 3023 373 3093 nem
406 3027 618 3092 intellexisse
647 3029 860 3092 notissimum
892 3049 965 3094 esse
995 3022 1087 3095 Meo.
1120 3033 1331 3115 scripturum:

296 3144 415 3230 ,addes
440 3146 535 3209 'euim
566 3159 602 3207 tu
634 3134 707 3209 meo
737 3136 832 3208 iussu
864 3142 928 3232 [so.
960 3152 993 3211 te
1017 3134 1331 3237 penneposuisseJ,

297 3262 385 3350 quod
407 3283 482 3348 ego,
507 3253 567 3353 poi
589 3274 656 3327 non'
677 3260 800 3343 addidi,
827 3284 887 3327 neo
918 3286 1018 3330 conso
1042 3278 1092 3329 est
1116 3246 1179 3332 'our'
1197 3288 1328 3354 negem,

294 3403 367 3461 nec,
388 3383 419 3446 si
436 3391 536 3447 conse
555 3394 642 3446 esset
663 3389 697 3445 et
720 3393 756 3445 tu
773 3380 894 3462 nolles,
917 3387 1100 3469 negurerni.
1121 3405 1149 3450 o:
1167 3387 1201 3449 id
1218 3400 1329 3451 sutem

295 3522 353 3565 our
375 3522 450 3587 ego,
481 3502 537 3587 qui
568 3523 608 3566 ea
640 3519 696 3563 uu.
720 3521 785 3564 non
811 3499 933 3581 addidi,
956 3494 1086 3588 negem,
1110 3525 1210 3569 eausa
1234 3504 1328 3569 nullo

294 3629 357 3697 est,
375 3640 436 3682 nec
458 3650 518 3678 —.
542 3617 601 3681 Or.
618 3616 770 3681 luxatam
795 3639 869 3682 eam
884 3624 1161 3685 constructionem
1184 3642 1257 3685 esso
1280 3623 1329 3685 di·

295 3736 358 3800 cit:
386 3747 423 3799 tu
452 3733 494 3797 ol.
523 3732 594 3798 Ait.
624 3734 702 3812 VII,
725 3737 778 3813 17,
798 3738 838 3800 2:
870 3761 973 3825 ,quoe
994 3739 1053 3803 ille
1084 3740 1329 3804 amentissimus

294 3851 394 3916 fuerit
417 3850 480 3915 nisi
504 3852 694 3937 occeperit‘,
720 3877 751 3940 p.
773 3855 886 3921 Deiot.
906 3857 924 3943 §
945 3859 985 3921 41
1011 3857 1126 3943 (Quod
1149 3888 1189 3908 -·
1210 3859 1330 3922 timue·

292 3973 393 4050 runt),
421 3968 507 4035 Phil.
535 3969 569 4036 V
602 3969 681 4054 §1⁰
709 3970 802 4054 (Huc
838 4010 872 4022 -·
897 3966 1012 4055 dixit),
1041 3975 1136 4040 Fam.
1159 3972 1221 4055 lv,
1252 3980 1329 4055 ²‚1

290 4089 398 4174 equod
420 4124 454 4136 -
471 4090 635 4177 egerunt),
655 4087 702 4169 X,
722 4093 756 4169 8,
778 4093 799 4154 4
825 4092 907 4175 (tum
926 4129 960 4140 -
981 4081 1108 4180 peric),
1132 4060 1232 4171 Xlll,
1254 4095 1286 4172 ι’),
1307 4097 1330 4158 8

294 4203 466 4292 (quidquid
486 4214 527 4257 -'
541 4207 729 4289 existimes)
753 4219 852 4296 atque
867 4207 943 4295 lege
963 4209 1078 4277 Medo.
1099 4232 1177 4278 nnn.
1198 4213 1238 4278 ad
1256 4214 1328 4279 Fin.
