3000 4875
369 411 420 483 84

311 620 431 684 Latine
451 618 535 694 diei,
567 627 602 678 ut
625 616 783 698 „Aliquid
806 616 970 698 (maltum,
993 615 1052 700 al.)
1076 616 1187 703 aliqua
1212 639 1247 681 re
1268 639 1345 703 pro-

299 736 416 814 ficio‘¹,
438 736 485 798 sic
510 734 663 820 passiue:
686 733 730 797 A.
755 755 787 797 a.
813 754 849 797 re
871 736 904 816 (a
919 734 991 815 me)
1010 732 1202 818 prohetiam
1226 736 1268 798 ci.
1291 738 1345 813 al,

311 858 349 917 l:
373 871 489 937 „quum
512 849 652 915 oonsilio
672 847 788 937 profici
809 849 895 915 nibil
917 850 1048 936 possit.‘¹
1094 849 1154 915 Or.
1176 850 1246 936 legi
1277 872 1347 915 ma·

311 971 385 1035 uult
407 1005 465 1053 ,,-
489 990 600 1034 amore
619 1000 660 1016 -
680 966 843 1055 singulari
863 1002 906 1016 -
924 964 1087 1052 proficua,
1109 969 1143 1031 iu
1164 967 1250 1032 hano
1273 989 1348 1033 sen·

312 1090 470 1166 tentiam,
510 1098 547 1149 ut
579 1105 660 1149 caro
689 1087 732 1149 sit
765 1086 922 1149 nominat.
970 1085 1046 1167 („ao.
1075 1106 1148 1149 mea
1171 1096 1204 1149 et
1226 1087 1348 1150 amieo·

311 1205 434 1287 rum⁴¹),
469 1224 534 1267 non
564 1201 648 1266 abl.!
685 1203 778 1267 ouius
812 1215 995 1268 structurae
1035 1201 1207 1281 duritiem,
1250 1223 1347 1288 quam

314 1334 476 1388 commate
503 1334 580 1406 post
610 1321 781 1404 singulari
807 1321 916 1406 posito
949 1317 1081 1383 mollire
1104 1321 1226 1384 frastra
1250 1341 1348 1385 oona·

312 1455 384 1518 tur,
410 1461 510 1526 quum
530 1442 603 1524 ipse
627 1439 783 1516 sentiret,
806 1446 839 1502 et
859 1434 1035 1502 delendum
1058 1458 1131 1501 esse
1150 1439 1345 1524 suspicatur.

312 1559 404 1643 Ergo
427 1554 497 1620 Cic.
518 1555 629 1619 dicere
650 1557 777 1640 potuit:
798 1551 956 1620 Fratrum
978 1567 1108 1619 tuorum
1125 1556 1248 1641 pietate
1266 1575 1349 1619 cora

314 1674 433 1739 salutis
465 1685 489 1737 i.
513 1685 536 1737 t.
557 1669 687 1757 proficit
709 1694 790 1759 pros
820 1670 878 1756 „Ia
899 1683 924 1736 i.
947 1693 982 1757 p.
1006 1693 1079 1736 meo
1107 1681 1143 1737 et
1170 1677 1347 1737 amicorum

314 1813 393 1856 eura
413 1813 441 1856 s.
462 1804 487 1854 t.
511 1802 535 1853 t.
557 1789 630 1876 p.⁴¹!
660 1789 750 1877 Ergo
774 1791 807 1852 in
831 1788 959 1874 Ligarii
983 1810 1082 1854 causa
1105 1789 1244 1868 fratres,
1278 1791 1350 1875 qui·

313 1909 452 1973 buscum
476 1906 548 1972 Cic.
578 1906 806 1994 supplicabat,
844 1885 931 1971 nihil
961 1904 1052 1971 aliud
1076 1928 1174 1992 quam
1202 1926 1349 1972 amorem

314 2003 411 2090 suum
436 2024 667 2104 declarabant,
702 2025 820 2089 Cicero
841 2027 1013 2110 ceterique
1030 2025 1128 2089 amici
1148 2023 1212 2090 sali
1235 2045 1345 2089 curam

313 2147 349 2205 in
372 2146 444 2206 eius
466 2142 575 2205 salute
597 2139 815 2205 adhibebant!
836 2141 909 2206 Hoc
930 2139 1005 2206 loco
1028 2141 1097 2208 Cic.
1117 2142 1255 2208 fratrum
1278 2155 1348 2207 tan·

314 2273 384 2324 tum
410 2259 575 2324 assiduam
598 2278 709 2323 curam
729 2255 862 2325 laudat:
897 2257 984 2322 inira
1014 2263 1033 2338 ἦ
1062 2259 1202 2325 lanam
1237 2282 1348 2326 curum

315 2391 349 2442 et
376 2398 509 2462 operam
536 2373 694 2442 fratribus
725 2396 792 2443 nou
823 2375 1009 2443 defuturam
1034 2376 1221 2465 pollicetur.
1262 2376 1350 2444 Aba·

314 2500 442 2573 traxit,
482 2496 618 2579 opinor,
652 2492 820 2560 Orellium
849 2517 973 2560 auera
997 2500 1125 2561 ratione
1161 2496 1248 2563 falsa
1278 2495 1350 2576 illa,

315 2634 413 2701 quam
441 2621 657 2695 conceperat,
692 2598 825 2695 opinio,
866 2606 1061 2675 Ciceronem
1089 2611 1216 2697 duplex
1248 2622 1283 2677 et
1302 2615 1349 2697 (et

315 2751 380 2796 ass.
404 2737 440 2793 et
457 2747 551 2813 perp.
573 2727 613 2809 c.)
635 2728 683 2792 ita
704 2728 837 2791 diuersa
858 2728 987 2791 ratione
1010 2748 1075 2791 non
1096 2749 1233 2816 ponere,
1252 2750 1350 2815 quam

314 2852 350 2915 in
373 2845 475 2912 Obss.
498 2844 539 2910 ad
562 2844 705 2911 Sestion.
724 2868 759 2932 p.
773 2845 818 2908 at
838 2844 983 2909 refutari
1008 2844 1062 2929 (of.
1088 2843 1159 2909 Att.
1179 2847 1221 2925 7,
1252 2847 1292 2925 ’7,
1316 2851 1349 2928 a,

315 2967 408 3036 Fam.
431 2959 563 3042 v11‚c‚
585 2965 616 3040 1,
641 2958 767 3027 Fran
789 2967 808 3042 ἦ
830 2964 892 3041 81,
923 2958 970 3025 111
991 2967 1010 3042 ἦ
1030 2962 1236 3043 'malma
1259 2965 1326 3049 64).

414 3136 557 3203 familiam
583 3139 686 3192 ducere
710 3151 807 3209 neque
830 3136 922 3207 using.
940 3165 977 3178 --
995 3136 1118 3190 seientia
1142 3136 1175 3191 in
1200 3138 1264 3193 iure
1291 3141 1349 3196 eiu.

418 3230 489 3293 soar.
508 3229 588 3284 anat
621 3228 736 3283 Ducere
755 3225 895 3282 familiam
919 3228 1113 3301 (perditorum
1129 3229 1251 3285 Antonii
1280 3232 1349 3286 ami·

420 3321 533 3388 comm)
554 3321 746 3377 L.'Antoniara
765 3316 843 3375 Plril.
862 3317 907 3386 V,
924 3324 977 3384 11,
1004 3324 1041 3374 30
1060 3328 1126 3394 apte
1143 3320 1270 3386 dieitur,
1299 3325 1351 3396 qui

420 3411 558 3465 mirmillo
568 3408 689 3482 Mylasis
711 3410 912 3483 depugnasset.
945 3411 1012 3467 Flu.
1029 3410 1081 3476 IV,
1100 3417 1143 3478 la,
1161 3417 1196 3467 4⁵
1210 3413 1298 3489 paulo
1315 3416 1352 3469 li-

419 3503 534 3560 beriore
561 3501 753 3558 translatione
779 3502 833 3558 illa
854 3504 991 3561 sententio
1014 3504 1060 3574 (iu
1077 3503 1176 3560 Stoica
1197 3508 1288 3576 reeta)
1309 3506 1350 3563 fa-

421 3596 531 3651 miliaro
549 3595 656 3649 ducere
682 3597 728 3663 (oe
744 3596 882 3667 primaria
906 3614 969 3652 esse
993 3605 1023 3651 et
1048 3598 1131 3671 quasi
1160 3598 1219 3652 dux
1243 3606 1349 3655 cetera-

422 3689 500 3753 rum)
519 3685 641 3749 dioitrrr,
663 3685 836 3755 ,honestum
862 3689 942 3762 quod
960 3690 1019 3752 cit,
1047 3688 1159 3744 ideone
1184 3690 1278 3747 solum
1300 3693 1352 3747 bo-

420 3777 521 3839 numl,
540 3776 617 3831 sicut
633 3778 666 3830 in
683 3785 764 3831 certa
782 3777 880 3851 aliqua
898 3778 972 3831 iuris
990 3779 1047 3834 eiu.
1064 3778 1164 3835 schola
1180 3783 1349 3855 primarium

421 3864 541 3940 aliquod
564 3872 742 3936 praereptam
767 3867 834 3924 tam.
860 3867 965 3924 ducere
989 3870 1049 3926 dici
1074 3872 1181 3944 potuit.
1217 3873 1351 3931 Scriben-

421 3959 491 4014 dum
516 3959 557 4013 ita
586 3975 620 4012 ae
645 3955 884 4029 disanguendum
911 3969 971 4026 est,
997 3971 1031 4018 ut
1055 3963 1088 4018 in
1113 3982 1139 4022 e.
1156 3972 1215 4020 ert:
1246 3968 1297 4038 nb„
1316 3985 1352 4035 a,

421 4051 501 4128 quod
518 4051 610 4123 (dass)
629 4051 651 4108 i.
678 4048 762 4105 ducit
786 4051 818 4106 in
837 4051 903 4107 iure
926 4053 984 4109 eiu.
1007 4054 1050 4123 [οι
1074 4055 1159 4115 Treb.
1186 4060 1219 4113 in
1244 4059 1264 4115 i.
1291 4060 1349 4116 eiu.

420 4146 616 4220 principatum
642 4141 786 4219 quondam
828 4147 918 4217 tenet]
959 4147 1100 4220 cingulori
1137 4154 1215 4222 (sua)
1254 4169 1349 4221 meur„

422 4254 444 4290 a.
464 4242 521 4296 sest
1231 4240 1236 4243 ’
