3000 4875
1084 391 1157 465 113

183 603 338 690 gretiam,
357 599 478 666 leuiter
498 597 649 667 saltem“.
696 597 749 665 Ne
771 599 835 665 hee
856 595 988 683 quidem
1010 600 1083 662 ueri
1104 600 1213 666 simile

183 731 253 798 est,
283 719 392 803 ipsum
421 715 572 784 Caelium
606 716 649 783 ad
678 713 749 782 Cie.
775 715 949 801 scripsisse
972 716 1144 780 simulasse
1176 738 1213 782 se

82 877 84 884 ·
181 834 445 901 reeoaeiliandae
481 832 583 921 Appii
614 834 741 920 gratiae
773 831 1000 917 [uoluntatem.
1058 832 1212 921 Denique

180 953 228 1018 sie
255 956 354 1038 quasi
382 963 459 1015 aute
483 952 612 1015 loeutus
635 973 704 1017 aaut
725 950 911 1039 ponendum
934 950 1009 1013 tuit.
1056 946 1163 1023 Quasi
1181 952 1212 1015 si

181 1067 223 1133 ab
254 1071 327 1154 ipso
355 1065 471 1132 Caelio
502 1079 564 1146 est,
599 1067 760 1133 nonnulla
784 1079 860 1133 ante
886 1067 1015 1151 aliquot
1043 1068 1210 1133 excidisse

180 1206 315 1250 neeesse
337 1196 404 1260 est3
428 1184 509 1249 mihi
537 1198 648 1251 tamen
678 1182 763 1250 nihil
794 1181 836 1249 ad
868 1182 1065 1246 sententiam
1095 1182 1211 1247 deesse
1313 1171 1322 1182 ”

179 1303 310 1366 uidetur
334 1303 399 1366 uisi
429 1323 500 1366 enas
529 1308 612 1383 eiua,
647 1302 735 1387 qued
757 1303 788 1366 si
809 1300 844 1364 iu
867 1302 1014 1383 qaoee'ue,
1039 1305 1137 1384 quaet
1155 1300 1210 1364 de·

178 1429 353 1503 praeatum
385 1430 447 1498 est,
475 1419 596 1483 iuliae
624 1416 712 1483 libre
741 1416 933 1481 foedissime
968 1428 1122 1501 corrupte
1143 1438 1209 1482 non

178 1535 277 1599 nimis
314 1537 433 1601 mirum
459 1548 520 1602 est.
577 1534 662 1601 Eius
693 1534 823 1621 quidem
848 1555 954 1620 paene
986 1535 1209 1599 neeessariam

179 1663 240 1716 est.
253 1653 279 1735 ¹)

262 1766 346 1832 lbid.
371 1768 440 1852 54.
482 1769 576 1852 „Seis
588 1766 737 1832 Domitia
751 1767 837 1831 diem
850 1768 1075 1834 timoriesset.
1100 1768 1208 1846 Quam

177 1883 286 1948 diem?
319 1883 484 1949 Corradus
511 1890 712 1949 comitiorum
738 1885 945 1968 (auguratus)
967 1896 1056 1949 reete
1084 1885 1209 1950 intelli-

177 2003 250 2086 git3
273 2001 316 2065 ef.
337 2002 378 2063 14
401 2000 422 2085 ξ
442 2002 473 2063 1.
517 1999 615 2077 Quod
630 2022 702 2064 uae.
720 2001 873 2085 quoniam
890 1999 997 2063 audiri
1011 2000 1071 2062 uix
1089 2003 1207 2085 potuit,

176 2138 241 2204 ege
266 2138 311 2181 ex
334 2117 411 2183 seh.
435 2120 521 2182 ceni.
545 2130 621 2202 pest
641 2116 790 2181 Domitio
812 2138 885 2182 eum
907 2118 999 2181 uncis
1022 2116 1117 2182 adde.

259 2234 321 2318 Ep.
340 2237 382 2297 13
402 2233 467 2318 51.
510 2233 684 2317 „Gratulor
700 2233 761 2298 tibi
774 2233 946 2311 affledate
958 2235 1026 2298 uiri
1040 2234 1104 2295 -¹'.
1136 2232 1206 2316 „aa

175 2349 288 2438 aliqua
309 2351 409 2415 alicui
431 2350 607 2438 gratulat-il
639 2373 748 2431 nemo,
779 2365 937 2439 quantum
961 2352 1044 2423 seio,
1069 2348 1205 2430 dixit2).

174 2467 276 2534 Recte
299 2468 339 2532 L.
361 2482 437 2533 ante
459 2467 509 2534 Vl
531 2468 655 2533 addidit
680 2505 713 2517 -
738 2465 787 2534 M.

174 2657 375 2671 ——-—-

196 2772 239 2839 ¹¹)
274 2771 334 2824 Att
359 2771 411 2834 Xl,
429 2775 475 2835 22,
495 2775 521 2838 1,
539 2770 590 2825 ubi
610 2771 660 2826 Or.
682 2786 718 2826 ex
734 2769 794 2825 Md
816 2769 865 2838 (de
880 2787 934 2844 yae
952 2767 1084 2839 siletur)=
1110 2768 1205 2844 „qued

276 2877 313 2915 ne
328 2860 360 2915 C.
380 2861 497 2933 quidem
515 2862 551 2917 ad
567 2864 587 2918 i.
606 2863 721 2916 misisse
739 2862 877 2926 uidetur,
906 2865 987 2938 quusi
1009 2881 1061 2938 que
1084 2859 1105 2916 i.
1123 2862 1142 2915 i.
1161 2860 1204 2915 el·

270 2951 455 3017 ¹leuderetun
477 2955 535 3020 aed,
555 2973 590 3019 a,
609 2956 704 3008 uti-
723 2955 846 3020 esemel,
864 2971 899 3009 ex
917 2953 973 3008 Lai
993 2961 1023 3008 et
1038 2954 1109 3008 Em.
1129 2953 1204 3009 euni.

273 3046 356 3120 quati
378 3051 456 3098 certe
484 3044 568 3099 uaris
594 3045 803 3102 includendam
825 3045 896 3106 luit.
930 3045 1038 3100 Netum
1065 3052 1110 3100 est
1135 3052 1204 3116 past

273 3136 456 3207 negationem
482 3136 607 3211 aliquam
633 3138 676 3192 sie
702 3139 773 3212 paui
800 3155 854 3208 qua
880 3141 923 3207 (ε
950 3140 1070 3214 ete-qued
1098 3136 1161 3192 Fin.
1179 3140 1203 3194 ll

274 3231 363 3293 524,
387 3228 533 3298 1).th
552 3233 569 3294 §
587 3235 615 3293 6,
637 3231 830 3305 ideireo-qued
848 3229 926 3283 Fam.
943 3228 1005 3291 XI,
1029 3237 1064 3292 9,
1088 3233 1119 3298 2)
1138 3247 1204 3283 eum

274 3317 463 3370 coniunctius
474 3354 484 3381 ,
521 3325 556 3371 ut
593 3319 763 3374 Germanice
795 3319 983 3389 interpretari
1017 3319 1107 3372 liceat
1142 3320 1202 3389 nale

273 3412 395 3474 weuu¹‘‚
428 3408 540 3463 Daniee
565 3427 649 3478 „sam
666 3412 741 3466 aad&
779 3408 868 3463 Uidea
887 3410 969 3485 quasi
990 3415 1084 3463 totum
1104 3425 1202 3482 supet·

272 3510 431 3555 uaeaueuus
449 3516 512 3553 esse
518 3519 529 3564 ς
568 3517 662 3573 neque
686 3499 721 3553 ala
742 3499 804 3554 ulle
829 3502 971 3572 scriptore
992 3499 1035 3554 sle
1060 3517 1096 3554 ex
1112 3499 1202 3555 abun-

273 3592 353 3648 dauti
373 3590 504 3645 additum
521 3590 677 3646 inueneris.
714 3591 821 3646 Orellii
839 3592 992 3665 explicatio
1012 3591 1119 3662 (nut‘ii
1140 3608 1200 3646 ere·

271 3684 374 3737 dereut
391 3699 422 3737 se
439 3712 476 3724 -·
494 3681 629 3750 atreum)
645 3682 720 3736 nihil
736 3682 834 3749 habet,
853 3703 910 3759 quo
926 3687 1008 3755 qimai
1019 3684 1200 3739 defendatur.

273 3775 362 3843 Quasi
377 3773 441 3828 siue
460 3772 601 3844 glossema
625 3782 671 3829 est
687 3793 754 3831 uae.
774 3796 827 3852 que
845 3777 909 3832 siue
927 3794 962 3833 ex
980 3796 1033 3849 que
1052 3778 1070 3834 i.
1090 3783 1197 3830 natum.

220 3871 248 3936 Β)
274 3869 336 3923 Αῑῐ.
360 3866 395 3931 V,
411 3871 456 3930 20,
475 3871 501 3935 1,
526 3865 578 3920 ubi
602 3866 672 3921 elim
696 3884 732 3922 ex
750 3867 810 3925 illd.
834 3870 997 3942 legebatur:
1024 3869 1199 3931 celebritate,

270 3976 348 4011 aune
367 3975 402 4012 ex
416 3976 480 4030 yae,
500 3956 564 4014 edd.
578 3958 708 4031 tlalaep„
727 3976 751 4012 a:
772 3962 915 4032 eudred,
934 3978 1029 4018 aecus.
1045 3960 1199 4013 restitutus

152 4076 167 4102 s
270 4056 323 4102 est
365 4048 452 4115 Quod
466 4048 538 4103 ibid.
555 4048 663 4120 legitur
681 4049 744 4102 siae
759 4068 835 4106 uam
857 4052 937 4122 ullae
952 4052 1009 4104 iam
1027 4050 1070 4104 sie
1083 4049 1199 4114 habeta,

270 4141 312 4208 [ε
326 4140 411 4210 seito]
438 4160 491 4196 aee
516 4144 568 4196 liae
595 4143 630 4212 [at
651 4148 709 4194 tam
727 4144 830 4212 paruo]
860 4143 986 4198 exercitu
1009 4143 1054 4196 laic
1080 4142 1122 4212 [iu
1140 4148 1198 4195 tata

270 4230 391 4286 obseura
408 4232 569 4305 prouenit]
591 4239 668 4287 tenta
687 4234 803 4301 negotia
822 4236 941 4308 [quanta
953 4235 1023 4290 olim
1030 4251 1059 4287 au
1068 4231 1196 4286 alaribus

981 4347 1000 4402 8
