3000 4875
338 314 390 388 86

286 545 378 602 eum,
400 542 500 610 quem
523 513 696 584 laudam
742 513 864 592 Uides‚
888 502 965 599 quid
988 512 1049 578 Or.
1073 513 1115 588 de
1138 536 1199 584 tuo
1221 516 1312 582 addi.

286 641 390 708 derit:
423 635 538 713 uides,
559 652 656 719 quem
679 633 793 715 inepte
813 631 862 698 sie
882 632 1026 698 exsistat
1048 631 1234 721 tautologia
1257 656 1313 700 uu.

287 777 371 829 num
391 748 479 843 effi?
503 763 536 816 et
560 747 655 833 Quid
674 781 716 799 -
738 746 842 816 uult?
865 745 1012 817 'Pontum
1035 749 1190 818 uiderunt
1211 750 1316 831 Men„

288 871 410 951 tiron„
449 867 596 954 Martyni
624 900 666 917 -·
697 864 805 953 Lag„
848 864 946 946 Sch„
977 868 1012 930 in
1042 888 1098 934 uu.
1132 866 1249 951 Quum
1276 891 1317 957 p.

286 987 349 1080 ‘’ff·
369 990 479 1054 inesse
502 997 559 1054 sut
582 984 705 1063 latero,
729 983 815 1071 quod
838 984 1037 1052 contrarium
1058 997 1148 1054 esset
1168 987 1318 1071 sunosio·

286 1103 396 1172 ribus:
417 1103 498 1192 Age
521 1137 562 1152 -
584 1100 746 1188 aliquem,
771 1113 869 1187 utque
890 1122 947 1168 uu.
968 1124 1003 1168 e.
1024 1099 1088 1193 off.
1108 1115 1141 1172 et
1159 1101 1257 1187 Quid
1276 1136 1317 1154 -

289 1223 367 1289 uult
394 1224 482 1287 iuter
512 1241 549 1286 se
575 1219 707 1306 opponi.
756 1216 857 1284 Recte
878 1219 981 1303 igitur
1005 1232 1082 1286 ants
1105 1218 1164 1287 Or.
1188 1221 1236 1290 ira
1260 1219 1317 1286 de·

289 1337 538 1427 stinguebstur:
572 1338 716 1423 Age-
737 1334 889 1423 aliquem
897 1361 910 1416 3
948 1358 984 1401 n.
1005 1339 1063 1404 00?
1095 1360 1200 1426 quum
1226 1357 1263 1425 p·
1287 1359 1317 1406 ο.

289 1454 490 1544 [aliquem]‚
528 1478 560 1541 q.
590 1454 620 1518 si
648 1475 682 1517 a.
704 1474 738 1518 u.
764 1448 856 1538 [eum
881 1452 1047 1542 offendiJi
1080 1452 1182 1524 Gneo.
1210 1451 1317 1542 offin-

288 1570 372 1640 dam
392 1573 440 1640 its
464 1568 620 1657 explieat,
640 1580 676 1634 ut
698 1570 761 1632 sit:
798 1569 956 1653 „scribens
978 1571 1104 1661 aliquid
1120 1573 1154 1638 in
1177 1568 1318 1639 slicuius

289 1689 525 1773 praeiudicium
546 1699 604 1756 sut
622 1684 894 1755 contumelium¹¹=
918 1690 977 1758 sed
999 1692 1048 1756 sic
1069 1686 1243 1781 offendere
1264 1691 1318 1758 in-

289 1806 398 1895 telligi
417 1826 483 1873 non
507 1816 655 1889 peteret,
676 1806 869 1887 pracsertim
891 1817 966 1892 post
986 1804 1121 1898 offendo
1142 1804 1240 1872 ulitur
1260 1825 1319 1889 no·

289 1927 399 1994 situm.
445 1922 537 1989 Man.
559 1943 689 2010 quoque
726 1919 873 1988 taedere
907 1936 940 1994 ct
961 1922 1135 2015 offendere
1157 1935 1245 1990 recte
1269 1925 1319 1990 in.

290 2052 340 2106 ter
362 2059 400 2105 se
420 2044 540 2125 opponi
561 2040 707 2125 putebat.
753 2037 857 2108 Uerbi
880 2039 1027 2108 laudaro
1048 2044 1247 2116 eontrarium
1268 2053 1319 2106 est

290 2156 489 2244 uituperare
511 2170 569 2223 sut
589 2158 698 2226 simile
716 2156 862 2245 aliquod.
902 2158 975 2243 Ego
997 2160 1099 2244 igitur
1120 2160 1168 2228 sie
1190 2158 1318 2234 scribor

289 2274 370 2362 Age
397 2307 431 2323 -
454 2275 625 2361 aliquem.-
647 2299 680 2344 η.
703 2278 759 2342 u?
781 2300 814 2364 q.
833 2297 873 2364 p.
897 2273 924 2351 ri
945 2272 1016 2364 off„
1041 2273 1173 2362 quidsi
1195 2297 1228 2339 n.
1245 2276 1318 2353 tei,

290 2405 388 2480 atquc
406 2394 565 2478 suspicor,
587 2394 622 2458 in
646 2391 820 2483 offendam
842 2391 948 2461 latere
967 2390 1185 2481 reprendunt,
1208 2413 1319 2461 errore

289 2509 421 2577 librarii
442 2510 484 2575 ad
504 2512 656 2592 superius
678 2507 813 2597 offendo
843 2507 1028 2579 aberrantis
1052 2512 1100 2574 sio
1121 2523 1320 2595 corruptum.

291 2625 386 2703 Quae
404 2627 453 2691 sio
473 2645 603 2713 quoquc
622 2636 732 2691 menet
747 2624 968 2711 inaequalitas
991 2626 1094 2693 futuri
1113 2627 1320 2713 referendam

289 2746 376 2809 iuter
397 2742 502 2809 lanicio
525 2777 567 2792 -
590 2740 726 2832 offendo
748 2755 783 2808 et
803 2744 878 2807 uult
901 2743 1021 2828 positi,
1040 2742 1182 2809 fortasse
1204 2743 1320 2812 Caeci·

290 2885 353 2928 nac
382 2860 547 2927 scribendi
576 2860 693 2948 generi
723 2859 932 2926 tribuendum
957 2874 1027 2930 est}
1068 2874 1318 2946 Potesttamen

289 2976 375 3059 fieri,
400 2991 437 3042 ut
458 2991 515 3044 sut
540 2979 629 3044 uolet
647 3001 705 3073 pro
724 2978 796 3044 uolt
816 2979 985 3062 scripserit
1003 2990 1060 3061 eut
1083 2977 1320 3067 reprendoali-

288 3116 388 3184 quem
417 3093 511 3182 quid.
567 3096 793 3165 Ceterum‘tle
828 3109 911 3179 part.
940 3118 1045 3183 porro
1075 3099 1249 3163 transitum
1278 3099 1319 3163 sd

288 3210 414 3299 aliquid
436 3217 655 3294 eontrarium,
693 3226 730 3277 ut
755 3213 788 3278 h.
812 3211 856 3293 l.,
889 3210 1100 3300 significante
1122 3216 1165 3280 oi.
1189 3216 1319 3302 Zumpt.

288 3332 330 3396 etl
352 3330 447 3398 Uerr.
472 3336 491 3396 1
513 3338 531 3413 ς
553 3336 625 3397 149.

377 3450 438 3536 Ep.
458 3453 481 3515 8
504 3454 522 3531 §
542 3452 584 3516 2:
620 3447 721 3539 „quid
747 3450 810 3513 sim
833 3447 893 3514 tibi
926 3462 1061 3519 auctor:
1098 3450 1133 3515 iu
1156 3449 1320 3516 Siciliane

288 3565 441 3632 subsides
465 3591 510 3631 an
531 3579 569 3632 ut
589 3598 631 3616 -
654 3565 892 3650 proficiscere.‘¹
941 3570 1020 3637 Sine
1040 3568 1140 3637 dubio
1164 3581 1239 3652 post
1260 3565 1320 3633 NE

287 3684 414 3748 excidit
433 3681 511 3747 V'l'.
558 3683 802 3751 Ansooluthine
831 3707 931 3752 cause
955 3685 1047 3751 nulls
1072 3687 1146 3750 fuit.

373 3799 435 3886 Ep.
460 3802 538 3881 17§
560 3802 591 3865 1.
638 3798 718 3882 Cic,
741 3804 771 3866 oi
789 3805 943 3890 scripsit:
975 3802 1103 3887 „Quum
1125 3809 1318 3866 ceterarum

287 3940 405 3986 rerum
425 3941 530 3985 caune
548 3921 644 4003 cupio
661 3941 691 3985 e.
703 3942 733 3984 o.
750 3943 819 3989 netu
838 3944 869 4006 p.
885 3922 1112 3989 constituturos
1133 3933 1201 3986 tum
1217 3918 1318 3985 uelim

287 4036 369 4102 mihi
392 4037 507 4105 orodes
528 4037 690 4106 accedere
714 4037 754 4103 iet
774 4040 895 4119 ettam,
930 4064 995 4128 quo
1017 4040 1130 4128 magis
1161 4048 1317 4125 expetam

279 4152 486 4239 promiscum
504 4167 614 4236 turem,
633 4177 697 4240 quo
714 4159 746 4221 in
762 4155 826 4221 litt.
843 4157 973 4235 tueris&
986 4156 1161 4222 durissime
1176 4158 1316 4242 scripsit.
