3000 4875
1089 410 1138 483 33

173 617 275 687 s‘crib.
307 619 431 683 deleuit
466 613 675 705 fogom‘tque
709 615 821 680 eodum
850 617 922 697 ioco
956 632 998 669 ·‘-·
1025 618 1206 694 Gallorum.

172 736 341 802 Antoniou
361 769 429 798 -.
476 734 536 799 0r.
559 732 651 833 uulg.
672 732 849 800 lectionem
871 734 925 813 ot,
957 733 1123 821 fugauit,
1151 745 1205 800 eo·

172 852 308 938 demque
328 854 351 917 l.
370 854 524 932 retinuit,
548 865 648 938 quum
671 852 846 936 eodemque
866 882 907 899 -
928 853 1014 937 gall.
1038 851 1112 917 cum
1135 874 1205 941 sqq.

169 970 341 1056 iungeret:
375 969 576 1068 scilicetne
605 967 688 1032 illud
712 968 844 1055 quidem
871 970 1121 1048 animaduertit,
1157 973 1206 1035 sic

170 1099 260 1150 certe
282 1085 490 1151 scribendum
511 1086 615 1150 fuisse
638 1084 687 1150 ab
708 1086 781 1169 (ex)
804 1085 979 1170 eodemque
990 1089 1013 1150 l.
1027 1117 1067 1134 -
1080 1107 1102 1150 a
1116 1085 1205 1153 Foro

174 1201 215 1268 G.
239 1204 283 1268 A.
308 1239 369 1266 -.
420 1204 474 1268 An
495 1201 625 1266 Latinis
646 1219 706 1284 pro
727 1201 822 1284 „inde
848 1222 900 1265 me
925 1197 1055 1267 domum
1079 1204 1206 1287 recepi⁴‘

171 1322 272 1383 etium
296 1318 364 1402 ,tto
384 1319 462 1383 cet.‘'
479 1316 711 1382 dicerelicuitt
732 1314 818 1380 Num
841 1337 878 1380 eo
902 1318 974 1381 loco
996 1337 1032 1381 te
1052 1337 1119 1382 rec.
1146 1320 1206 1397 ita,

172 1448 209 1500 ut
228 1438 273 1500 sit
293 1438 316 1499 i.
338 1457 370 1522 q.
394 1435 474 1499 inde
496 1456 523 1498 ε.
544 1456 592 1512 m,
613 1435 816 1519 antiquiores
838 1432 969 1519 quidem
991 1456 1110 1519 prosae
1133 1457 1207 1502 cra·

170 1554 272 1620 tionis
299 1554 476 1638 scriptores
511 1572 577 1615 non
606 1552 729 1614 dicunt.
779 1547 830 1614 Cf.
852 1549 950 1616 Uerr.
974 1548 1026 1619 IV
1050 1559 1069 1633 ἱ
1090 1556 1130 1617 21
1155 1557 1206 1639 (se

171 1690 217 1736 etc
247 1669 337 1735 dirce
365 1671 447 1734 Iocis
476 1670 673 1755 reciperent)
705 1666 837 1753 aliaque
861 1669 896 1731 in
919 1667 1035 1746 [punt.
1058 1669 1203 1736 laudata.

170 1786 273 1853 Aliud
302 1800 352 1852 est
381 1788 445 1851 dici
475 1785 555 1870 „hoc
578 1787 651 1851 loco
677 1786 801 1855 cessi⁴¹t
832 1783 952 1850 dicitur
984 1789 1072 1852 eninr
1103 1792 1204 1855 etiam

171 1903 287 1989 „Italia
310 1904 456 1971 cedere“.
485 1935 526 1952 ·-
555 1903 607 1983 V,
629 1905 690 1983 12,
721 1907 812 1967 dcx
836 1897 1019 1968 certissima
1040 1903 1227 1993 Maduigii,

172 2023 257 2085 coni.
278 2020 376 2086 scrib.
398 2027 511 2086 oartoe
532 2028 627 2084 octor
648 2025 907 2105 mutationesque
928 2043 988 2106 pro
1014 2042 1046 2086 o.
1070 2044 1102 2087 α.
1125 2025 1206 2088 mul·

171 2146 288 2224 torque
308 2145 466 2204 actiones.
514 2137 603 2215 Quid
628 2150 718 2202 esset
746 2141 912 2219 „actiones
936 2137 1149 2205 consiliorum
1172 2152 1207 2205 et

170 2257 391 2344 temporum‘⁴,
416 2277 514 2343 quum
540 2278 577 2320 se
597 2258 752 2340 ignorare
775 2253 889 2319 Mada.
910 2257 1082 2320 confossus
1106 2270 1205 2336 esset,

172 2372 232 2440 Or.
252 2373 431 2457 respondet
454 2376 486 2437 in
508 2372 593 2437 hanc
617 2372 833 2433 sententiam:
856 2379 951 2434 actua
974 2391 1048 2436 essa
1068 2368 1204 2438 fabulae

171 2510 267 2555 cesus
292 2491 501 2575 inopinatos,
531 2493 679 2552 notiones
707 2487 837 2572 incepta
857 2499 891 2550 et
913 2488 1060 2552 maxime
1084 2492 1204 2555 oratic·

170 2616 241 2672 tres.
288 2604 451 2672 Subtilern
474 2603 750 2692 explicationem!
789 2602 898 2680 Quam
929 2607 959 2669 si
991 2607 1064 2692 quis
1090 2607 1206 2672 defen·

169 2725 248 2790 dero
270 2723 381 2803 uolet,
404 2726 546 2807 primum
570 2723 687 2788 docere
710 2719 866 2800 debebit,
899 2714 958 2787 obi
979 2732 1073 2788 actor
1092 2727 1141 2790 sic
1162 2724 1205 2791 ob

170 2840 355 2907 nettoottm
383 2841 645 2926 distinguantur,
675 2851 711 2903 ut
729 2840 796 2902 sint
818 2836 913 2902 corut
945 2843 1046 2925 inop,
1075 2842 1205 2923 deinde,

168 2981 235 3024 non
265 2958 360 3023 modo
392 2960 555 3044 „actiones
578 2956 821 3036 consiliorum&
852 2955 911 3020 sed
943 2976 990 3042 ,a
1010 2958 1204 3043 temporumt‘¹

168 3075 227 3141 nbi
257 3077 383 3140 dicatur
412 3088 469 3140 aut
502 3076 602 3140 etiam
633 3096 697 3163 quc
730 3075 827 3138 modo
859 3075 923 3138 dici
952 3078 1068 3161 possit.
1116 3074 1206 3142 Mihi

169 3194 300 3279 quidem
335 3214 400 3256 non
428 3193 526 3258 modo
554 3201 719 3277 temporo,
755 3191 879 3255 sedne
907 3194 1049 3257 consilio
1073 3193 1204 3280 quidem

170 3317 318 3374 actiones
341 3321 398 3373 aut
421 3309 544 3374 habere
565 3322 623 3374 aut
642 3310 750 3374 fucere
772 3304 1045 3394 possouident'ur.
1079 3309 1206 3375 Freun·

169 3427 243 3491 dius
277 3425 363 3511 quod
397 3426 572 3489 discrimen
599 3425 735 3489 illorum
765 3447 823 3487 uu.
846 3446 920 3488 esse
941 3424 1057 3488 statuit
1081 3426 1204 3507 (actust

167 3537 325 3626 dufpdpc,
363 3543 509 3604 actiones
545 3538 577 3607 ic
608 3542 637 3607 b.
667 3541 761 3606 brom.
783 3538 882 3621 &ptr
918 3537 963 3606 bit
991 3539 1205 3627 montiosum,

167 3655 422 3743 itettuirpiungtt
444 3660 493 3726 bet
515 3653 781 3742 thpebtnttdttn),
817 3655 911 3720 nolio
943 3659 1006 3721 nisi
1034 3657 1098 3722 hoc
1128 3658 1203 3726 loco

168 3780 303 3842 nititur:
325 3779 359 3841 in
384 3799 420 3841 re
442 3777 621 3841 dramatico
644 3781 731 3839 actio
754 3774 795 3837 do
818 3771 988 3853 distrione,
1015 3788 1051 3839 ut
1072 3777 1107 3840 in
1130 3799 1204 3842 ora·

169 3897 254 3958 torio
283 3897 324 3959 de
360 3907 502 3975 oratore,
535 3895 665 3959 dicitur.
713 3891 866 3977 Denique
898 3891 954 3955 uel
987 3894 1035 3957 sic
1067 3907 1203 3958 manent

165 4011 273 4074 'rrrirne
295 4010 376 4075 illac
398 4017 547 4105 actiones
568 4021 664 4097 temp.
691 4008 805 4073 Madu.
828 4008 869 4072 dc
891 4009 1082 4088 dramatico,
1105 4030 1215 4096 quum⁸

169 4127 320 4205 dicimus,
334 4131 520 4194 uariatione
540 4126 655 4215 [quam
673 4147 738 4191 non
756 4140 821 4190 tarn
837 4126 1009 4191 multitudo
1025 4129 1203 4205 actionum,

170 4265 267 4331 quam
291 4250 439 4310 uarietas
462 4243 584 4331 efficit]
608 4243 794 4310 contulerat
818 4247 837 4322 ᾗ
857 4245 897 4307 5:
921 4251 960 4307 at
977 4280 1020 4292 -
1041 4248 1203 4329 ancipites

988 4372 1005 4420 ³
