3000 4875
706 603 709 610 .
746 543 832 621 Lib,
858 545 933 617 ΙΙΙ.

396 678 458 763 Ep.
480 680 504 742 d
524 682 542 758 t
566 679 599 742 2.
640 675 792 743 Pessima
820 679 1024 743 correctione
1054 678 1114 745 Or.
1138 703 1197 767 pro
1222 684 1342 762 dicon

311 809 348 860 nt
369 816 412 859 er
427 794 548 860 Mna.
563 794 750 880 legebatur,
779 798 910 881 scripsit
923 797 1050 859 ducam.
1095 795 1239 861 Dixerat
1260 799 1292 882 (ς
1313 801 1344 884 l)

311 914 383 978 Cic.
405 935 442 977 se
464 912 574 999 Appio
597 914 639 978 de
660 915 732 977 eius
757 935 836 1000 erga
857 934 894 978 se
911 911 1021 978 officio
1041 916 1165 1001 gratias
1184 929 1345 979 actorum.

310 1031 412 1095 Addit
442 1029 571 1095 uerbis:
604 1031 843 1098 Animadverti
868 1045 952 1110 cet,
983 1034 1069 1118 quod
1102 1031 1167 1096 sibi
1196 1031 1344 1097 officium

309 1151 541 1234 praestitisset.
588 1146 676 1212 'Pom
695 1150 801 1233 ipsam
823 1150 1003 1234 gratiarnm
1029 1152 1191 1213 actionem
1214 1148 1344 1214 serbis:

311 1266 400 1350 „Hoc
433 1278 524 1330 tunm
553 1267 612 1330 oii'.
641 1287 740 1352 quoin
771 1264 854 1329 milri
869 1270 1093 1349 gratissimum
1121 1288 1194 1331 esse
1219 1266 1342 1330 dicom¹¹

310 1386 483 1468 coniungit
512 1381 666 1445 cornilio
689 1380 923 1462 affirmatione,
951 1404 988 1444 se
1011 1383 1120 1468 Appio
1152 1407 1244 1449 suern
1269 1406 1342 1448 cnm

282 1521 351 1562 ·co
376 1500 553 1562 ornicitiarn
583 1519 620 1561 re
642 1495 868 1581 probatorum.
912 1497 989 1560 Diei
1014 1512 1140 1584 potest:
1168 1501 1258 1581 „Hoc
1280 1500 1346 1563 titt·

308 1628 440 1702 gratnm
471 1634 545 1680 esse
572 1613 691 1688 dueo¹¹3
725 1611 828 1677 iliud:
861 1613 920 1695 „H.
941 1612 1023 1678 midi
1053 1637 1087 1701 g.
1116 1639 1147 1680 e.
1176 1617 1224 1679 d.¹¹
1249 1617 1342 1682 nulla

304 1733 424 1818 lingon
451 1733 516 1796 dici
543 1741 663 1816 potest.
709 1727 794 1793 lbid.
820 1729 894 1813 Μ,
923 1729 980 1794 ubi
1018 1731 1120 1818 nnigo
1152 1748 1219 1798 ost:
1250 1733 1342 1798 Sorte

305 1852 435 1929 coelicos,
467 1847 622 1935 quoniam
643 1848 679 1910 in
700 1844 774 1915 Md.
797 1859 848 1910 est
867 1846 925 1911 An
946 1868 1028 1912 sone
1051 1871 1097 1928 ro,
1126 1872 1190 1914 non
1213 1851 1341 1932 dubito,

312 1969 393 2053 quin
413 1965 482 2030 Cic.
506 1965 693 2051 scripserit:
720 1966 777 2033 Ac
799 1986 826 2028 r.
847 1985 880 2029 o.
1160 2033 1162 2036 ,

389 2083 451 2165 Ep.
469 2086 492 2144 'i
512 2081 575 2165 §d
617 2079 752 2161 Nescio,
776 2103 833 2145 cer
855 2081 997 2146 editores
1021 2082 1190 2147 noluerint
1210 2084 1338 2170 simpli·

305 2202 386 2265 citer
411 2201 458 2263 sie
479 2201 731 2285 interpungere:
755 2196 916 2280 „Quaeso
939 2199 1082 2262 etiamne
1104 2212 1139 2262 tu
1163 2200 1224 2264 has
1247 2204 1339 2284 inep-

218 2309 223 2316 ’
295 2320 369 2384 ‘tias
397 2319 440 2401 (ot
462 2329 529 2381 torn
558 2317 671 2402 inepta
701 2316 813 2393 dicis“,
843 2336 940 2402 qnam
971 2317 1057 2401 qood
1082 2316 1119 2380 P.
1150 2329 1184 2381 te
1208 2319 1337 2383 dixisse

304 2436 460 2517 dicebat),
491 2433 590 2498 hono
619 2468 664 2484 -
683 2433 825 2520 potanti
855 2432 957 2498 ullam
990 2430 1130 2520 [oulgoz
1147 2457 1197 2519 p„
1220 2436 1274 2525 tc]
1294 2474 1337 2493 ..-

304 2550 517 2615 existimos⁴⁴i
540 2547 616 2613 Nisi
639 2550 726 2613 forte
748 2568 904 2636 magnum
926 2548 1159 2616 Tullianorurn
1183 2554 1337 2619 anacolu-

301 2670 434 2733 thorum
451 2669 693 2732 numerom'sic
715 2688 838 2754 angere
857 2667 1045 2732 uoluerunt.
1086 2667 1182 2733 Nono
1197 2673 1337 2749 interro·

302 2789 449 2873 gatiooe,
479 2798 517 2849 ot
548 2805 662 2873 saepe,
695 2787 787 2871 prior
809 2784 1005 2871 explicator.
1051 2785 1092 2850 L.
1118 2787 1235 2852 melius
1256 2792 1336 2875 qoi-

301 2908 377 2971 denr
410 2915 498 2969 certe
528 2902 637 2984 colon,
668 2910 755 2989 qood
784 2916 923 2982 uomet,
958 2916 1032 2985 pest
1055 2913 1182 2988 portant
1207 2911 1330 2991 posuit.

297 3008 407 3087 Paulo
427 3020 514 3083 inira
530 3022 709 3102 suspicioni
726 3020 798 3096 Or„
820 3041 877 3082 no.
897 3019 979 3103 qnid
998 3025 1045 3083 rit
1060 3019 1216 3087 nobilitor
1234 3027 1335 3089 inter·

403 3276 564 3330 coeperam,
583 3260 642 3328 sed,
667 3259 739 3324 dico,
759 3260 891 3313 reuocari·
906 3277 949 3313 mo
966 3259 1015 3328 (ab
1034 3276 1067 3315 eo
1086 3261 1206 3316 emendo
1226 3289 1257 3315 =
1274 3265 1335 3329 sed,

403 3360 439 3407 ut
456 3352 527 3419 dixi,
545 3353 624 3424 coepi
644 3358 756 3406 tantum
774 3369 877 3417 rmore,
894 3369 953 3406 non
971 3354 1180 3424 persorensi),
1196 3374 1231 3409 nc
1250 3365 1270 3410 t.
1289 3376 1333 3423 ιι,

403 3445 492 3511 xm,
510 3450 561 3510 25,
579 3450 614 3510 3,
641 3444 691 3518 qui
706 3428 798 3499 locus¹
809 3443 845 3498 ad
862 3444 1060 3517 explicandam
1078 3453 1149 3500 sent.
1167 3447 1270 3502 melius
1290 3449 1333 3502 sic

402 3537 614 3607 distinguetur:
632 3545 660 3591 et
678 3540 708 3590 id
726 3539 774 3606 (ut
792 3537 828 3591 ad
840 3537 998 3592 Uarronem
1015 3539 1180 3607 mittantur)
1198 3567 1235 3579 —
1248 3544 1275 3606 s.
1281 3559 1332 3610 po·
1417 3528 1422 3537 ⁶

402 3628 458 3679 tior
469 3629 558 3681 teneri
564 3645 572 3690 3
592 3630 651 3691 red,
669 3630 751 3682 etiosa
769 3635 853 3702 atquc
870 3632 953 3683 eticae
969 3632 1031 3682 dico
1051 3630 1102 3696 (cf.
1120 3630 1184 3684 init
1196 3630 1282 3685 huius
1291 3635 1333 3699 S),

402 3725 451 3770 too
478 3717 604 3787 pericrdo
624 3719 689 3784 flet.
738 3716 883 3771 Similiter
908 3720 1034 3773 orationi
1057 3721 1255 3794 interponitur
1273 3742 1333 3780 non

402 3807 497 3861 solum
516 3808 623 3877 opinor,
642 3810 735 3870 nodo,
754 3808 805 3861 sed
825 3809 911 3863 etiam
927 3818 1007 3879 preto,
1026 3819 1061 3865 ut
1078 3813 1156 3878 RV,
1172 3821 1201 3879 9,
1220 3821 1245 3879 1,
1266 3816 1333 3879 vu,

401 3904 447 3965 23,
464 3905 493 3965 ἢ,
508 3900 573 3957 att.
606 3897 687 3961 vm,
707 3904 733 3962 9,
751 3902 787 3966 43
820 3900 918 3966 1x‚o,
939 3907 966 3967 3,
997 3903 1065 3967 ΧΗ,
1091 3910 1142 3969 11,
1171 3911 1216 3973 ts,
1236 3915 1261 3975 1,
1280 3910 1332 3964 uhi

402 3991 469 4048 Scir.
482 3992 546 4047 sine
563 4008 649 4046 causa
665 4008 695 4060 p.
706 3989 817 4044 deleuit
830 3991 1019 4065 (iungendum
1037 4004 1082 4051 est
1100 3998 1176 4053 enim
1194 4019 1260 4056 com
1277 4021 1332 4056 nou

400 4087 488 4139 molto
514 4092 587 4150 cet,
612 4083 650 4138 ei.
671 4083 737 4149 vll,
756 4088 827 4148 8,.ἰ,
853 4083 1148 4153 xtV,s‚1,utrit=
1184 4094 1226 4161 „si
1253 4100 1332 4147 recte

401 4176 558 4253 moninio,
575 4183 662 4251 etque
679 4175 751 4232 adeo
769 4178 827 4233 scio
845 4177 877 4233 in
895 4177 980 4235 Balbi
998 4197 1044 4254 ep.
1062 4180 1157 4252 (vm,
1175 4189 1219 4249 15,
1236 4187 1274 4249 Α,
1290 4188 1330 4253 3).
