3000 4875
369 263 443 337 lut

300 493 409 537 casea
430 494 466 539 se
487 473 652 559 Uestorio,
674 483 747 549 eins
769 489 885 572 enrico,
908 506 1122 590 concessisse,
1141 523 1188 593 ut,
1208 517 1237 579 si
1259 522 1337 604 quid

303 587 377 672 ipse
408 612 473 653 roca
504 592 580 657 iure
608 600 812 686 possideret,
851 611 885 674 id
914 613 975 681 iIIe
1009 620 1182 693 obtineret.
1226 633 1334 711 Quam

305 706 430 790 exigua
461 727 535 773 mee
556 716 694 780 mutatio
715 715 779 800 sit,
792 738 895 809 potet.
942 730 993 798 ct.
1014 738 1085 804 Att.
1109 745 1204 828 VIII,
1230 755 1335 836 lu,2‚

302 818 372 884 ubi.
390 819 460 888 Md.
490 825 555 890 hiis
577 829 608 893 si
627 838 667 916 tp.
689 833 767 923 z'pti.
782 839 808 923 1)
855 844 979 933 Ipsius,
1012 859 1065 920 cui
1093 881 1139 924 ex
1169 875 1334 938 contrario

300 940 477 1024 respondet
505 942 608 1025 Uest,
632 962 722 1016 recte
740 977 800 1040 pro
821 980 921 1028 cuam
943 966 1052 1054 ipsias
1082 980 1225 1061 positum
1262 992 1336 1054 erit.

301 1050 352 1118 cf.
374 1054 487 1122 Modo.
510 1060 550 1123 ud
572 1063 645 1128 Fin.
668 1064 720 1130 III
743 1068 764 1153 5
787 1074 841 1154 4⁰,
864 1076 935 1146 Att.
969 1084 1048 1167 VII,
1070 1093 1105 1166 8,
1128 1098 1167 1162 8:
1189 1102 1331 1182 ,iudicas

299 1190 331 1233 ιι.
355 1192 382 1235 s.
404 1195 465 1257 pro
487 1177 571 1242 meio
593 1182 662 1256 off„
687 1206 748 1271 pro
769 1187 877 1276 ipsius
901 1198 924 1262 ἰ.
946 1222 977 1265 u.
996 1205 1159 1276 effusione
1180 1215 1274 1285 illum
1296 1225 1329 1288 iu

299 1308 352 1352 me
374 1288 434 1354 lib.
455 1292 626 1382 fuissem)

384 1405 470 1474 Ibid.
500 1410 561 1495 §2
590 1413 704 1485 Mede.
734 1420 792 1508 (ad
821 1425 904 1494 Fir.
925 1455 958 1519 p.
986 1439 1063 1526 820)
1093 1446 1331 1524 demonstrauit

295 1524 439 1604 primum
463 1548 511 1591 ex
533 1528 574 1594 L.
598 1538 684 1600 conl.
705 1559 767 1620 pro
787 1546 970 1633 quoiquam
991 1554 1121 1641 (debuit
1142 1581 1230 1635 corte
1255 1596 1328 1642 esse

296 1640 483 1728 precipiam)
505 1646 712 1718 scribendum
735 1677 809 1722 esse
830 1664 1023 1754 quicquam,
1053 1677 1171 1781 deiude
1195 1709 1241 1752 ex
1262 1691 1328 1759 Ut.

294 1757 450 1824 maxima
474 1792 514 1808 -
538 1764 673 1834 inuidia
704 1774 760 1855 (el.
783 1778 843 1863 θῇ
867 1783 899 1866 1)
924 1807 957 1870 p.
978 1795 1152 1863 maximae
1172 1838 1216 1854 ··-
1235 1807 1327 1876 inui-

294 1870 384 1952 diae,
415 1875 556 1965 denlque
580 1885 677 1968 niun,
709 1911 817 1979 neque
840 1932 882 1948 —
906 1902 1030 1973 uoluit:
1064 1913 1107 1995 Q.
1129 1915 1235 1985 Pilius
1256 1930 1327 1977 -¹¹

290 2010 351 2074 pro
372 1994 476 2073 ,inu.:
507 2017 540 2061 ιι.
565 2034 604 2050 -
627 2024 671 2083 u.,
700 2008 792 2093 quod
821 2013 859 2080 P.
886 2021 967 2085 -“.
1014 2025 1120 2095 Paulo
1152 2052 1237 2121 post,
1268 2043 1325 2110 uhi

292 2106 352 2169 Or.
376 2130 418 2173 ex
449 2132 511 2176 suu
535 2118 620 2180 coni.
642 2123 792 2208 scripsit:
813 2143 868 2211 ,ut
889 2135 1012 2202 indicet
1032 2142 1075 2208 de
1089 2157 1255 2239 pecunia,
1276 2184 1323 2227 ex

291 2219 388 2288 bonIs
407 2229 534 2312 patriis
553 2239 746 2317 peruenisse
770 2244 812 2308 ed
836 2248 900 2330 δέ’,
930 2272 993 2340 ego
1024 2281 1070 2324 ox
1102 2264 1173 2334 Md.
1197 2276 1322 2346 scribo:

290 2353 344 2422 ,ut
361 2342 528 2430 †iapo'cei
549 2347 773 2440 depecuniam
791 2384 837 2428 ex
855 2364 889 2432 b.
898 2374 1014 2457 patrie
1027 2387 1189 2467 peruenit
1212 2393 1253 2456 ad
1271 2396 1323 2463 S!

288 2455 417 2525 Incerto
438 2473 490 2527 est
510 2470 598 2533 enim
619 2478 817 2551 emendatio.
857 2485 1004 2558 Primum
1023 2494 1156 2568 Caelius
1179 2508 1320 2581 fortusse

287 2586 324 2637 ut
346 2574 482 2659 diceret,
504 2584 552 2646 sic
573 2585 743 2658 indicaret
764 2601 896 2686 scripsit
918 2606 972 2689 (cf.
990 2611 1031 2693 II,
1053 2618 1105 2699 1⁰,
1123 2623 1156 2701 4,
1176 2623 1234 2690 uhi
1248 2627 1319 2698 Md.
1422 2646 1423 2650 ’

287 2729 488 2750 -ιυ--μ.

326 2818 351 2884 ¹)
385 2818 417 2873 Ρ,
427 2819 509 2887 XIII,
519 2828 564 2890 57,
576 2831 595 2879 2
608 2829 671 2886 sine
678 2849 737 2891 uer.
746 2845 792 2896 est
798 2846 980 2917 apertissimo
992 2857 1067 2916 uitio
1076 2886 1083 2916 ι
1093 2864 1135 2934 ,si
1148 2866 1318 2934 intellexero

388 2929 442 2983 per
459 2921 489 2968 te
505 2916 591 2973 illum
609 2924 700 2992 ipsum
720 2935 869 3004 negotium
885 2960 920 2997 ox
941 2956 1012 3004 sent
1032 2956 1215 3018 confecisset.
1259 2969 1318 3036 An,

391 3003 441 3071 qui
460 3022 512 3072 per
531 3013 649 3086 aliquem
666 3034 729 3091 nep
750 3042 835 3083 suum
854 3035 989 3105 conficit,
1009 3044 1068 3113 ipse
1085 3051 1223 3107 conficit?
1243 3057 1316 3117 Nem

385 3107 481 3163 neque
500 3098 540 3152 ill.
555 3101 646 3168 ipsum
661 3117 760 3178 potest
782 3134 845 3174 esse
865 3129 983 3183 eundum
1001 3133 1079 3189 illum
1097 3141 1221 3206 (nullius
1238 3151 1315 3207 enim

385 3181 444 3237 nisi
460 3187 568 3245 Anneii
588 3198 697 3252 mentio
715 3202 762 3275 fit)
781 3226 876 3283 neque
887 3219 975 3287 ipsum
993 3240 1059 3281 cum
1077 3246 1142 3303 neg.
1164 3240 1313 3314 coniungi,

385 3277 521 3347 quoniam
548 3285 623 3341 nilrr'l
648 3291 707 3347 uisi
738 3296 775 3353 dc
809 3304 862 3366 illo
897 3328 960 3385 neg.
993 3320 1176 3383 conficiendo
1207 3333 1311 3403 egitur.

385 3366 502 3424 Scribe:
520 3375 620 3443 „illum
638 3399 717 3440 eoum
734 3393 782 3444 nst
816 3395 910 3471 Supra
926 3411 985 3463 est:
1006 3418 1056 3479 ,ut
1074 3432 1154 3472 uuum
1171 3429 1312 3493 negotium

384 3461 543 3520 conficiatt.
593 3470 782 3536 Occasionem
799 3492 914 3546 ennodi
935 3495 967 3550 so

380 3552 486 3619 „ipsius
502 3552 542 3607 Μ.
561 3557 687 3617 metit

383 3643 577 3700 necessarlum
596 3658 648 3704 est.

316 3723 344 3790 ²1)
379 3725 411 3778 F.
432 3727 468 3793 V,
487 3734 532 3797 14,
549 3742 576 3800 l,
596 3741 648 3797 ulti
667 3747 717 3803 Or.
737 3769 773 3806 ex
790 3758 848 3816 IlId.
867 3767 1014 3826 restitui&
1034 3779 1142 3844 ,animo
1160 3808 1197 3829 ··
1209 3792 1260 3842 tuo
1273 3818 1308 3833 -

377 3816 508 3884 erudito,
527 3827 577 3895 qui
596 3847 618 3882 s.
638 3834 748 3908 aliquid
767 3861 801 3898 ex
821 3866 853 3905 se
869 3867 1000 3926 promet,
1026 3868 1104 3936 quod
1122 3873 1195 3929 elice
1214 3877 1305 3938 delec-

376 3911 436 3972 tet,
465 3910 554 3980 ipsam
578 3917 714 3982 leudibus
732 3931 877 3998 illusnetu

377 4002 532 4058 correctio:
565 4041 625 4079 ,7-

968 3506 1060 3559 rtesse
1078 3507 1160 3570 dedit
1177 3520 1310 3593 superius

692 3605 701 3630 ‚
729 3573 780 3627 ulti
800 3577 890 3647 ίριίιιι
907 3599 1028 3660 propter
1048 3604 1227 3663 eontrarium
1242 3614 1312 3668 aiot

885 3985 893 4011 ,
919 3949 991 4007 mihi
1017 3957 1161 4030 probetur
1188 3970 1305 4045 entique

643 4020 714 4078 ulios
733 4024 888 4109 [homines]
908 4038 1048 4115 delectet,
1076 4058 1103 4109 te
1118 4056 1214 4129 ipsum
1232 4062 1250 4118 1.
1270 4065 1306 4120 ist

375 4086 410 4148 ln
427 4091 488 4161 Md,
501 4096 627 4164 Iectlonc
644 4113 717 4174 mire
734 4118 950 4200 intelligeretur
969 4139 1058 4210 ,elios
1078 4149 1207 4209 artaret.
