3000 4875
1105 385 1154 460 9³

189 596 266 660 doni
287 606 353 660 cst:
375 627 416 645 -
441 591 571 658 discere
593 605 626 659 te
646 615 689 659 ex
712 628 754 644 -
788 612 833 676 „oz
862 607 894 659 te
929 615 971 660 ex
1003 595 1087 659 meis
1115 595 1221 679 ipsios

187 710 283 776 libris
305 732 377 777 eam
394 710 603 797 disciplinam
622 709 768 791 haurire,
787 733 871 799 quae
888 711 1001 792 faciet,
1017 723 1055 775 ut
1075 711 1221 776 animans

188 849 297 893 meum
322 830 500 894 desideres.
547 826 665 916 Neque
687 831 776 894 enim
800 829 971 895 intellexit
992 828 1061 895 Cic.
1083 850 1221 896 exser-

188 967 285 1011 mone
308 945 446 1011 Curium
467 945 581 1011 dicere
602 945 740 1032 aliquid,
762 968 869 1034 neque
890 970 933 1013 eu
953 946 1053 1015 libris
1073 947 1220 1012 animnat

188 1061 360 1128 Ciceronis
378 1065 408 1126 is
430 1060 671 1128 desideratae.

314 1257 400 1331 Lib.
424 1256 525 1331 VIII
557 1259 609 1359 (in
634 1255 716 1337 Md.
741 1257 850 1333 foede
876 1258 1094 1358 corruptus.)

271 1425 334 1512 Ep.
359 1429 378 1489 1
400 1425 419 1509 ἕ
442 1428 473 1490 l.
514 1426 580 1490 Pro
608 1424 772 1493 decedens
806 1447 879 1492 curn
908 1426 997 1492 Lall.
1028 1445 1091 1513 ego
1113 1423 1222 1490 scribo

188 1542 271 1608 disc.
291 1540 465 1607 Decedere
485 1542 526 1607 de
542 1543 686 1631 simplici
702 1543 852 1609 discessu
874 1567 916 1610 ne
935 1543 1068 1610 Caelius
1090 1544 1223 1631 quidem

188 1661 313 1725 dixisse
343 1660 506 1747 putandus
537 1673 600 1726 cst.
647 1659 700 1732 Cf.
728 1663 910 1728 decadem
939 1685 975 1727 re
1007 1663 1040 1742 3,
1066 1665 1104 1737 1;
1131 1664 1165 1740 d,
1189 1662 1221 1724 2

188 1777 280 1844 Idem
306 1777 446 1865 uulgare
469 1779 623 1844 mendum
644 1778 694 1860 lo,
715 1782 739 1844 5
762 1782 936 1866 exipsius
960 1779 1020 1845 0r.
1051 1780 1121 1866 (qui
1142 1776 1177 1843 h.
1198 1776 1223 1841 l.

188 1895 271 1963 dise.
289 1894 511 1983 improbabat)
530 1900 614 1961 coni.
632 1900 774 1984 corrigo.
810 1897 920 1975 Quom
936 1896 1050 1962 multis
1066 1896 1149 1961 locis
1162 1892 1224 1959 illa

187 2036 244 2078 uu.
274 2013 412 2078 confusa
440 2023 537 2093 sunt,
567 2024 636 2078 tum
671 2014 742 2079 Att.
769 2009 1223 2097 v11‚s,1(Mt.‹ttsceact.

189 2153 220 2214 p.
238 2129 377 2214 deced.),
385 2130 485 2210 XVI,
506 2134 559 2210 lo,
580 2130 608 2210 1,
629 2135 662 2212 d,
683 2135 715 2213 2,
739 2131 797 2197 obi
820 2154 867 2197 ex
881 2129 996 2196 Mada.
1017 2131 1102 2195 coni.
1123 2125 1223 2193 scrib.

188 2247 350 2313 discessit.
372 2250 409 2313 F.
431 2248 475 2327 V,
494 2252 546 2327 14,
569 2252 588 2313 l
612 2270 675 2336 ego
698 2272 744 2313 ex
761 2249 831 2315 Md.
855 2253 936 2315 m.1
958 2246 1086 2313 scribo:
1107 2267 1222 2333 nquam

189 2367 212 2449 †
235 2364 464 2444 discesserant
492 2365 635 2453 probans
666 2368 835 2453 antiquam
859 2388 941 2431 corr.
962 2388 1010 2451 pq.
1034 2388 1057 2429 o
1078 2363 1225 2428 medis-

189 2484 373 2548 ceaseras':
393 2485 427 2547 in
455 2505 520 2570 qua
541 2484 619 2550 lect.
641 2482 825 2570 tautologia
848 2486 897 2548 ita
919 2483 1049 2547 demum
1062 2486 1173 2560 esset,
1195 2482 1225 2544 si

188 2600 402 2686 praecederet
431 2624 497 2666 non
529 2602 674 2682 Romae,
699 2603 757 2666 sed
787 2625 939 2681 mecum3
972 2601 1015 2667 cl.
1046 2599 1064 2684 ᾗ
1093 2602 1170 2663 2et
1188 2598 1222 2662 3.

191 2717 251 2782 Or.
273 2741 319 2783 ex
341 2740 403 2784 sua
430 2721 515 2786 coni.
537 2722 668 2805 scripsit
688 2719 879 2786 decesserat
901 2739 1017 2805 parurn
1044 2728 1122 2801 apta
1146 2735 1225 2800 apo·

192 2835 328 2921 siopesi.

274 2950 323 3019 Ib.
344 2954 362 3039 ᾗ
383 2958 404 3018 t
428 2977 540 3021 ueram
564 2974 638 3021 esse
662 2952 706 3019 H.
729 2953 890 3042 Stephani
915 2955 1000 3018 coni.
1015 2948 1225 3035 fictumlor.

191 3094 237 3137 ex
267 3070 337 3138 Md.
361 3069 517 3160 factum)
539 3095 610 3162 sqq.
641 3096 765 3162 „oeque
797 3071 906 3138 adhuc
935 3070 1021 3135 certi
1042 3069 1224 3156 quidquam

192 3204 252 3272 cst,
276 3214 383 3279 neque
401 3190 484 3257 haec
507 3192 639 3258 incerto
664 3225 704 3241 -
718 3192 734 3225 '⁴
757 3190 875 3255 dooere
899 3187 981 3254 mibi
1005 3187 1171 3250 uidentur.

275 3309 337 3393 Ep.
352 3308 406 3391 2§
423 3312 442 3370 1
461 3329 523 3393 ego
543 3307 652 3372 scribo
668 3310 692 3390 †
709 3306 798 3374 Uide
813 3304 922 3381 modo,
939 3305 963 3366 i.
1007 3301 1143 3365 Caelius
1160 3302 1227 3366 for·

192 3437 280 3489 tasse
294 3425 445 3509 scripsit:
462 3422 555 3489 Ride
571 3448 628 3506 m„
644 3422 668 3487 i.
690 3424 747 3489 Sic
764 3432 840 3505 apte
857 3419 1094 3504 respondetur:
1130 3415 1224 3499 „Non
1247 3506 1250 3513 ,

192 3538 399 3605 mehercules
430 3540 562 3614 (rideo).
608 3536 703 3604 Nihil
731 3555 875 3622 anquam
902 3532 993 3597 enim
1017 3544 1084 3597 tant
1105 3533 1225 3598 -iu-

192 3656 337 3749 dignum
358 3657 476 3722 accidit
500 3688 540 3703 -
561 3653 718 3740 obstupui
741 3689 783 3702 —
807 3661 927 3738 captus
948 3652 1048 3716 essel.

276 3776 339 3864 Ep.
359 3778 381 3841 8
402 3776 466 3858 51.
498 3785 549 3857 „et
570 3771 636 3837 tite
654 3793 767 3859 saepe,
790 3770 876 3857 quod
894 3790 1035 3856 negaras
1054 3767 1226 3833 discedens

194 3905 382 3959 curaturum
403 3891 477 3973 tibi,
497 3890 612 3957 literas
635 3892 755 3955 mittol.
789 3889 863 3975 Ego
880 3910 926 3954 ex
939 3887 980 3952 L.
993 3890 1078 3954 coni.
1126 3885 1226 3950 Orel-

193 4009 241 4077 lio
264 4031 329 4074 non
351 4009 490 4097 probata
511 4021 588 4074 ante
610 4028 653 4072 ne
673 4008 758 4072 addo
779 4027 841 4085 me,
863 4006 950 4091 quod
974 4027 1021 4070 ex
1036 4009 1108 4068 uice·
1124 4002 1223 4066 intel-

194 4127 300 4215 ligere
323 4127 496 4195 nonlicet.
543 4125 693 4214 Intelligi
714 4134 856 4212 poterat,
878 4124 907 4187 si
929 4122 1093 4187 sententia
1113 4120 1227 4199 ferret,
