3000 4875
1083 383 1153 453 lll

277 589 358 656 Ibid.
382 596 401 669 ξ
422 593 453 654 4.
502 590 643 653 Prorsus
664 586 806 652 absurde
829 587 930 673 uulgo
953 586 1091 673 legitor:
1123 588 1219 672 „Tibi

194 731 294 776 curae
318 710 422 772 fuisso
443 707 485 770 de
511 707 653 772 Sittiano
674 708 813 794 negotio
839 703 899 790 [ci.
922 706 962 784 2,
987 707 1026 781 23
1053 707 1093 785 4,
1116 708 1157 784 ὅ,
1184 712 1219 789 Θ,

185 833 243 903 16;
283 831 324 905 9,
348 824 408 913 3],
435 825 576 909 gaudeo.
621 824 686 889 Sed
709 825 864 910 quoniam
885 828 1085 907 auspiceris,
1107 827 1216 896 minus

185 959 273 1011 certa
298 943 364 1008 fide
385 963 440 1007 eos
461 940 636 1020 libiniano,
659 954 823 1027 tamquam
846 952 1048 1024 penetrator,
1063 943 1119 1007 sic
1135 964 1218 1028 ogas

189 1152 388 1170 ,ΙΙ-1.·-

189 1337 193 1342 .
290 1294 337 1352 cf.
357 1294 435 1348 Fam.
457 1293 491 1359 ll,
509 1298 543 1347 13
561 1291 675 1362 (eodem
693 1297 823 1362 tempore
844 1298 873 1345 ct
890 1291 956 1347 sine
973 1291 1062 1348 dnbio
1080 1294 1128 1349 dic
1148 1299 1217 1364 scr.)

287 1393 304 1440 3
331 1387 367 1440 de
399 1385 498 1441 eadem
525 1402 574 1439 rc:
622 1381 802 1454 „publicanis
836 1386 919 1439 etiam
948 1387 1100 1455 superioris
1135 1388 1220 1442 lustri

286 1480 394 1556 reliqua
422 1479 485 1532 sine
513 1476 658 1531 sociorum
683 1474 745 1528 ulla
772 1477 888 1549 querela
918 1480 1149 1532 conseruaramlr
1184 1498 1219 1534 ex

287 1588 345 1644 quo
373 1570 439 1624 loco
468 1567 614 1623 Corradus
641 1567 724 1621 audit
748 1569 876 1644 reliquo.-
906 1568 957 1623 scd
977 1569 1072 1623 audiri
1098 1569 1130 1624 id
1152 1589 1217 1628 uoc.

286 1680 346 1717 non
363 1668 471 1735 potest,
489 1660 659 1734 pracsertim
669 1660 702 1712 in
716 1658 883 1714 huiusmodi
902 1662 1113 1716 snntcntiarum
1130 1680 1216 1736 oppa-

286 1753 407 1808 sitionc=
442 1754 511 1828 „qui
537 1771 572 1809 ex
593 1753 682 1807 huius
703 1751 797 1824 ipsius
822 1752 843 1808 1.
868 1756 969 1809 dabitis
992 1757 1120 1825 pecuniis
1147 1757 1218 1810 nillil

286 1847 451 1912 coluerant,
476 1846 500 1900 ii
518 1863 579 1900 non
597 1845 691 1899 solum
719 1864 766 1899 eoa
786 1845 955 1912 soluerunt‚
987 1846 1039 1901 sed
1064 1847 1149 1900 ctiam
1174 1864 1217 1914 ea,

286 1955 360 2010 quae
378 1937 537 2007 exprioris
555 1936 787 2010 reliquaerantst
831 1936 877 1991 Cl.
896 1936 982 1999 XVI,
1008 1942 1043 1999 6,
1061 1943 1096 2000 3,
1114 1937 1164 1990 uhi
1183 1956 1218 1993 ex

285 2047 320 2082 xa
348 2046 390 2093 c.,
423 2045 455 2082 o:
484 2044 519 2081 ex
535 2024 640 2088 Arch„
669 2024 796 2096 legitur:
828 2024 925 2094 „Bella
950 2027 1058 2101 reliquo
1084 2026 1217 2101 reliquid,

286 2121 362 2175 idem
379 2139 409 2181 ιι.
429 2120 536 2195 reliquo
551 2118 738 2192 (liestancer)
756 2117 788 2170 in
805 2117 866 2172 llld.
887 2123 954 2170 ante
981 2117 1082 2187 reliqui
1095 2120 1215 2176 excidit.

286 2214 336 2278 lx,
357 2218 392 2267 15
409 2211 493 2280 (haec
511 2228 554 2283 ep.
572 2210 603 2264 in
622 2227 641 2283 y
658 2228 718 2264 nou
736 2214 826 2281 crat),
842 2216 860 2264 5
879 2211 929 2265 Or.
949 2227 984 2263 ex
1000 2209 1044 2263 ed.
1063 2210 1166 2276 Rom,
1185 2232 1215 2267 oa

286 2307 349 2360 sine
366 2304 426 2358 ulla
444 2302 629 2366 auctoritate,
662 2303 797 2376 scripsit:
834 2304 897 2354 ‘'Dc
912 2300 1094 2377 Philargyro,
1112 2303 1216 2359 bonella

285 2398 437 2471 legendum
454 2402 514 2458 est,
535 2395 618 2448 utin
636 2412 668 2450 re
685 2395 800 2466 ignota,
819 2410 854 2448 ex
874 2411 928 2457 xz,
950 2392 991 2457 C,
1010 2412 1043 2448 o:
1065 2412 1099 2449 cx
1113 2396 1215 2452 Areh.=

288 2494 321 2546 P.
342 2494 408 2545 leae
434 2490 541 2542 curuati
559 2490 614 2555 (se.
629 2488 811 2555 soluendum,
829 2487 973 2539 incertum
992 2488 1092 2560 quidJ=
1109 2489 1142 2542 in
1154 2490 1215 2545 Md.

286 2591 331 2639 cst
350 2584 385 2642 Ρ.
404 2583 487 2642 bene,
525 2595 553 2634 ιι
572 2583 681 2635 caecati
697 2588 765 2635 ante
783 2598 896 2635 coracem
915 2579 1030 2634 omisso.
1072 2581 1156 2647 Xlll,
1190 2589 1217 2647 5,

285 2676 335 2731 ubi
356 2693 390 2730 ex
408 2672 513 2739 Arda,
538 2680 572 2726 ut
593 2674 696 2728 Graeu.
716 2672 828 2739 sensit,
846 2672 933 2725 nimis
952 2672 1075 2744 abrupte
1092 2673 1215 2744 legitur:

286 2769 355 2842 “Sp.
373 2765 546 2821 Mummium
561 2772 693 2837 putaram
712 2765 743 2817 in
756 2765 785 2819 X
802 2765 905 2836 legatis
930 2765 1034 2818 luisse:
1055 2767 1104 2820 aed
1119 2767 1216 2820 uideli-

285 2870 336 2917 cet.
369 2858 490 2912 Etenim
508 2852 617 2928 aiiloyov
633 2856 717 2909 fratri
738 2856 831 2910 luisse
850 2856 900 2925 (cl.
915 2862 942 2922 6,
961 2857 1016 2923 4)¹¹,
1036 2872 1088 2926 ego
1106 2858 1217 2911 scribo?

285 2950 441 3023 „uidelicet
460 2956 471 2977 ⁸
492 2937 610 3004 Elenim
627 2950 688 3014 —¹¹,
706 2966 797 3021 quum
808 2947 940 3020 suspicer
951 2948 983 3001 in
998 2947 1086 3001 Arch.
1107 2949 1171 3021 (qui
1188 2953 1216 3012 6,

285 3051 302 3099 4
326 3051 452 3098 mortuas
484 3039 596 3108 omisit)
625 3039 767 3105 excidisse
800 3043 897 3095 cerarii
926 3040 1059 3094 similene
1096 3040 1217 3114 aliquid.

284 3137 345 3208 (cf.
365 3134 401 3188 dc
418 3132 502 3187 uerbi
520 3131 635 3205 ellipsi,
659 3150 732 3206 quos
751 3132 825 3187 fines
841 3133 963 3201 lrabeat,
981 3134 1078 3190 llladu
1096 3134 1132 3188 ad
1151 3135 1215 3189 Fin.

283 3231 381 3294 159).
418 3226 490 3280 lbid.
509 3229 553 3287 42,
572 3228 586 3277 1
608 3241 642 3277 ex
660 3223 719 3277 Md.
740 3227 782 3291 (te
801 3241 836 3296 ys
855 3224 931 3277 nihil
948 3230 1074 3294 constat)
1093 3226 1215 3297 legitur:

284 3318 382 3387 „Quae
405 3314 452 3367 uis
484 3314 576 3384 igitur
604 3317 646 3381 (te
671 3314 708 3366 ad
731 3312 842 3366 bellum
874 3313 1041 3367 istiusmodi
1067 3317 1215 3386 proficisci

182 3454 184 3459 ,
284 3406 398 3478 eogit)?
431 3405 558 3478 inquam.
596 3405 672 3471 Aes,
697 3404 805 3478 inqtrit,
823 3403 950 3457 alienum
968 3408 1026 3472 (me
1044 3406 1151 3475 cugio:
1186 3416 1216 3462 ct

285 3508 380 3554 tamen
403 3514 441 3552 ne
464 3496 605 3551 uiaticum
630 3496 758 3569 quidem.
795 3495 860 3549 lloc
875 3495 944 3548 -1‘2
978 3512 1030 3567 ogo
1056 3514 1092 3550 ex
1109 3498 1164 3553 lani
1186 3517 1216 3553 ιι.

285 3609 328 3657 e,
350 3607 381 3643 a:
403 3608 435 3656 ι,
456 3595 522 3643 ante
540 3590 601 3642 lloc
617 3586 691 3641 addo
710 3588 807 3641 ludeo.
847 3586 891 3640 Ne
908 3594 951 3640 eat
969 3587 1085 3660 quidem
1104 3598 1170 3662 apte
1185 3591 1214 3645 Ιι.

284 3683 302 3738 l.
322 3680 416 3737 audiri
434 3681 539 3753 potuit
576 3680 654 3733 Fam.
674 3677 736 3740 Vll,
756 3685 783 3744 7,
798 3681 824 3743 2,
850 3677 901 3730 ubi
920 3677 982 3733 Cic.
1002 3697 1034 3734 ca
1056 3691 1215 3747 enumerat,

284 3793 357 3853 quae
377 3773 533 3829 Trebatius
551 3772 587 3826 ad
604 3769 837 3825 beneuolentiam
853 3769 985 3826 Caesaris
1005 3775 1216 3831 conciliandam

281 3870 421 3936 haberet5
451 3866 528 3920 idem
547 3883 575 3920 u.
596 3864 705 3933 (labes)
733 3862 797 3918 siue
821 3870 888 3919 ante
915 3872 1035 3921 aetatem
1063 3868 1125 3923 siue
1150 3875 1217 3940 post

284 3963 457 4030 singularem
483 3956 624 4013 excidisse
649 3955 697 4010 uel
716 3957 894 4011 contrarium
911 3958 991 4030 „ipse
1010 3959 1062 4013 tibi
1078 3960 1217 4025 desaiaael

286 4051 396 4106 clamat.
434 4049 615 4118 (cs.17‚a;
642 4049 677 4115 Q.
696 4048 727 4102 F.
750 4053 784 4114 11,
812 4053 855 4114 16,
881 4050 921 4115 4.)
959 4048 1012 4103 Or.
1030 4048 1110 4102 solus
1129 4049 1213 4103 omis-

285 4142 395 4197 sionem
411 4139 557 4212 probauit,
575 4160 665 4214 quum
683 4142 755 4195 mire
772 4141 813 4195 ita
832 4138 1008 4210 defenderet,
1027 4147 1061 4196 ut
1077 4147 1153 4197 esset
1166 4158 1199 4194 ac

285 4233 433 4290 cusatious
453 4232 686 4289 exclamationis!
705 4264 741 4276 -
