3000 4875
369 396 429 468 so

303 608 387 695 sqq.)
409 614 572 691 repugnat
587 600 743 687 (Plancus
761 602 905 669 scribere
927 600 1041 668 debuit
1059 605 1285 694 colligendo&
1307 608 1333 691 r)

303 725 386 790 mihi
410 724 541 788 uidetur
562 737 640 788 'esse
659 720 856 807 legendarius
894 730 934 785 ttt
958 729 993 785 et
1024 742 1072 806 sp.
1102 726 1287 808 colligendi
1304 744 1340 789 te

303 854 366 908 cet.
421 842 567 905 Primum
598 850 734 925 propter
757 844 898 924 spatium
919 861 980 924 pro
1003 876 1044 890 -
1064 840 1104 903 di
1125 839 1212 905 male
1232 844 1338 926 scrip·

303 974 373 1023 turn
399 969 512 1023 est-
536 957 631 1036 dou,
663 957 782 1021 deinde
809 959 843 1020 in
865 955 936 1021 Md.
961 964 995 1020 et
1018 959 1264 1040 transpositum.
1295 991 1339 1008 -

303 1074 411 1154 XIII,
430 1078 492 1153 dd,
522 1077 542 1137 1
567 1072 748 1161 probabilis
783 1087 833 1138 est
855 1074 919 1137 Lni
948 1077 1033 1139 coni.
1063 1074 1179 1139 bonum
1197 1078 1284 1139 iuter
1306 1083 1342 1139 et

304 1207 337 1258 et
350 1192 458 1271 fidem
480 1193 670 1278 ponendum
694 1213 787 1268 esse3
819 1190 904 1256 douc
933 1195 1019 1257 enim
1044 1191 1274 1258 deosculentur
1298 1214 1340 1257 ae

304 1315 351 1376 ita
376 1312 507 1397 quidem
530 1309 630 1376 facile
653 1311 718 1375 dici
741 1312 865 1396 potuit,
898 1323 934 1373 ut
957 1323 1045 1374 esset
1076 1312 1174 1394 (sicut
1192 1309 1340 1374 Rutilius

304 1441 338 1490 et
359 1426 452 1490 Man.
475 1425 605 1508 uolunt)
630 1447 732 1499 uero,
760 1425 881 1500 fidelis
908 1425 938 1487 d.
968 1461 1034 1488 -.
1084 1428 1167 1507 XV,
1194 1430 1226 1504 2,
1247 1430 1270 1490 (i
1294 1449 1339 1491 ex

304 1542 377 1607 Md.
396 1541 455 1606 Or.
468 1543 623 1605 restituit.
647 1540 798 1617 fratrem
821 1542 932 1605 dicere
956 1563 1007 1623 ea,
1031 1564 1116 1629 quoe
1139 1566 1189 1607 me
1210 1552 1240 1608 e
1260 1565 1338 1630 qaro-

305 1681 368 1748 que
392 1659 548 1725 audiente
576 1657 728 1722 dicebat:
767 1662 862 1744 quasi
884 1681 965 1724 uero
989 1674 1118 1744 praeter
1139 1661 1339 1726 Ariobarza·
1478 1710 1482 1717 .

271 1805 276 1812 ·
304 1780 357 1842 nis
389 1778 525 1842 fratrem
564 1774 651 1841 alius
685 1776 859 1862 quisquam
896 1775 1055 1842 Cicerone
1094 1780 1247 1844 audiente
1280 1778 1339 1843 illa

304 1897 442 1961 dixerit.
480 1894 583 1959 Recte
606 1906 683 1958 aute
709 1893 769 1958 Or.
792 1894 894 1981 uulgo
916 1894 1109 1982 legebatur:
1134 1919 1219 1982 praue
1240 1903 1270 1961 t't
1289 1917 1339 1961 me

304 2033 431 2099 quoque
452 2035 475 2075 a
494 2012 527 2076 d.
569 2010 644 2077 Non
676 2011 784 2078 solum
814 2014 855 2077 ad
885 2014 1019 2079 fratrem
1054 2014 1248 2081 Ariarathes
1277 2014 1339 2079 itta

304 2132 490 2210 detulerat,
513 2132 571 2195 sed
594 2128 755 2196 Cicerone
781 2153 910 2217 quoque
933 2134 1087 2198 audiente
1109 2133 1250 2199 dicebat.
1284 2132 1337 2197 Dc

304 2270 431 2335 poaque
456 2247 619 2312 interdum
642 2270 662 2312 a
683 2247 829 2314 librariis
852 2247 938 2314 male
959 2256 1158 2338 transposito
1178 2254 1222 2314 cf.
1242 2249 1337 2314 Mad·

303 2371 374 2457 uig.
402 2367 467 2455 0p.
488 2365 550 2430 Ac·
575 2387 607 2451 p.
629 2367 709 2444 181,
731 2367 774 2429 ad
796 2368 871 2431 Fin.
895 2366 941 2432 II.
966 2368 985 2455 5
1009 2373 1083 2438 1⁰8.
1131 2370 1222 2436 Idem
1245 2389 1337 2434 naen·

303 2488 381 2551 dum
402 2499 454 2549 est
478 2482 548 2549 Att·
573 2482 656 2563 XII,
677 2487 729 2562 la,
749 2487 783 2562 2,
806 2483 863 2550 ubi
886 2485 945 2551 Or.
967 2491 1039 2552 siae
1062 2511 1153 2553 uam:
1184 2488 1240 2552 De
1262 2488 1338 2553 Aa·

304 2608 395 2666 tortio
417 2620 542 2687 quaque
562 2598 689 2664 Balbus
711 2601 759 2665 ad
778 2623 829 2665 me
848 2638 890 2650 -
912 2607 1108 2686 consmtprtt
1135 2624 1163 2668 a:
1185 2602 1261 2669 Non
1283 2624 1337 2669 so·

303 2720 373 2785 Iam
395 2718 500 2784 de-
521 2717 608 2804 quoi
633 2717 759 2805 [alius‚
781 2720 822 2783 de
846 2741 908 2805 quo
935 2717 974 2783 Β.
996 2722 1182 2807 scripserit,
1211 2719 1336 2786 nuliius

303 2860 404 2925 supro
428 2837 551 2902 mentio
576 2836 664 2901 facta
687 2823 777 2925 est]{
801 2838 858 2902 sed
883 2836 924 2901 de
946 2837 1027 2902 Ant.
1051 2859 1181 2925 quoque
1200 2853 1265 2904 cet.
1298 2838 1337 2904 In

302 2957 473 3042 superiore
506 2976 559 3039 ep.
590 2955 656 3038 (ts,
677 2977 708 3032 a,
735 2954 765 3037 1)
800 2954 869 3020 Cic.
897 2958 1073 3043 scripserat
1096 2957 1272 3021 nonnullos
1296 2957 1338 3021 ad

302 3091 339 3135 se
370 3073 411 3134 de
442 3068 579 3132 Antonii
612 3068 756 3133 aduentu
797 3068 856 3154 [de
888 3094 952 3158 quo
994 3074 1037 3138 cf.
1065 3074 1154 3139 Phil.
1183 3074 1216 3139 11
1248 3079 1266 3154 ξ
1292 3077 1337 3139 74

302 3184 393 3274 sqq.]
434 3187 627 3272 scripsisse,
670 3185 816 3252 Atticum
857 3209 921 3251 non
961 3189 1053 3254 item.
1116 3190 1154 3256 In
1189 3192 1249 3257 hac
1274 3194 1336 3279 igi·

303 3317 356 3370 tur
378 3305 454 3391 qaid
476 3303 621 3369 scribere
637 3306 743 3390 potuit
764 3306 829 3368 nisi
852 3304 893 3368 de
915 3306 1031 3371 eadem
1051 3330 1087 3372 re
1100 3307 1241 3374 Balbum
1257 3332 1335 3396 quo·

302 3445 368 3512 que
391 3421 587 3509 scripsisset
625 3423 738 3500 Quare
768 3444 831 3509 ego
861 3446 1088 3489 correxeram:
1120 3426 1165 3490 1).
1186 3429 1231 3491 A.
1254 3428 1335 3493 Bol-

303 3541 362 3608 dus
393 3562 520 3629 quoque
548 3541 652 3606 multo
683 3555 781 3620 aute,
826 3564 923 3629 quarn
953 3545 988 3607 in
1024 3542 1063 3609 C·
1097 3546 1144 3608 ita
1182 3567 1255 3610 esse
1286 3547 1336 3610 ui·

303 3658 349 3722 di.
371 3659 399 3739 ²)
456 3658 658 3741 Saepissime
679 3660 714 3722 in
740 3657 846 3724 altero
868 3659 928 3724 ilio
950 3658 1019 3727 Md.
1041 3660 1173 3748 singula
1198 3662 1335 3747 pioraue

344 3864 369 3931 ¹)
404 3861 491 3916 Alius
514 3862 629 3934 generis
655 3862 705 3933 (de
730 3882 789 3938 epm
807 3865 904 3922 nana
930 3867 966 3922 ad
984 3867 1048 3923 nm
1067 3888 1097 3942 p.
1116 3873 1167 3923 tta
1186 3869 1272 3938 dixit)
1292 3879 1336 3926 est

407 3953 541 4011 Caesaris
559 3954 634 4010 illud
652 3957 698 4026 (B.
720 3957 753 4012 G.
774 3957 826 4024 111,
845 3961 892 4029 6);
912 3979 1002 4034 neque
1018 3964 1067 4016 sui
1080 3963 1238 4033 colligendi
1251 3967 1335 4019 Iusti·

408 4050 460 4103 Ises
475 4040 646 4119 lonchoton
664 4051 850 4124 relinquunt,
867 4059 896 4106 et
915 4053 1028 4107 similia.

343 4139 369 4207 ²)
402 4139 464 4193 Att
494 4141 528 4206 V,
553 4146 598 4206 20,
623 4145 641 4194 6
668 4140 757 4213 uulgo
776 4143 896 4214 legitur:
923 4147 1030 4200 Hilaro
1052 4163 1124 4201 sorte
1152 4148 1334 4204 sationalia.

408 4232 549 4291 Militibus
569 4251 688 4307 qttoqtte,
707 4238 787 4310 equis
805 4239 938 4306 exceptis,
956 4238 1095 4310 reliquunt
1114 4244 1254 4311 praedam
1271 4263 1333 4298 cou-
