3000 4875
343 316 392 388 ot

288 521 422 608 quiduis
450 557 492 571 -
514 503 747 587 muninouittm.
791 516 915 583 Contra
936 516 1008 584 Att.
1026 515 1111 589 XV,
1141 519 1229 598 m,
1259 517 1318 583 ubi

288 643 360 706 sinn
378 651 517 704 nonest
537 633 591 706 ‘H
595 635 821 727 ρακλειδεϊ
826 660 845 703 o
856 658 878 702 u
891 635 1037 718 aliquod,
1061 634 1159 701 serib.
1178 634 1319 722 aliquid,

290 768 327 818 nt
349 758 421 819 siue
449 778 519 820 nar.
543 768 594 819 est
614 759 668 833 27,
689 757 729 831 ²3
752 773 859 840 neque
889 754 976 816 enim
998 745 1053 819 ‘H
1056 776 1099 836 ρ,
1130 764 1166 814 ut
1186 753 1319 824 malum,

291 872 418 952 bonum,
437 871 585 952 fuctum,
617 874 751 948 dictum,
778 876 1000 948 constitutum,
1022 869 1099 947 elia,
1124 868 1321 933 snbstantiui
1390 949 1394 956 ι

290 1005 439 1055 naturam
463 992 545 1056 adeo
568 988 681 1065 babet,
714 1002 751 1052 ut
773 989 972 1053 adiectiuum
997 988 1132 1075 aliquod
1160 988 1320 1052 admittat.

290 1108 343 1174 De
363 1108 515 1174 formulis
537 1107 694 1194 loquendi
718 1128 784 1171 nen
806 1105 921 1185 habeo,
942 1105 1030 1192 quod
1046 1105 1162 1190 (qnid)
1180 1102 1321 1167 scribunt

291 1238 324 1290 et
343 1225 599 1311 aimiIIbuspost
618 1224 946 1309 aIioe,ntIIeneIng.
977 1223 1018 1287 ad
1051 1221 1120 1287 off.
1151 1221 1196 1301 II,
1223 1224 1256 1300 2,
1288 1224 1321 1299 7,

290 1341 411 1407 Matth.
446 1345 487 1408 ad
516 1343 555 1407 R.
578 1343 690 1407 Amet.
713 1341 731 1426 b
754 1344 797 1405 to
818 1342 980 1424 (Handins
1003 1341 1042 1404 nd
1066 1338 1193 1423 Wopk.
1216 1338 1323 1402 Leott.

292 1457 385 1528 Tull.
402 1482 434 1545 p.
454 1459 512 1522 too
531 1463 564 1524 iu
588 1458 763 1522 statuendo
782 1458 969 1524 discrimine
988 1458 1060 1520 siue
1082 1455 1220 1520 obscure
1242 1458 1322 1518 scri·
1458 1520 1463 1525 .

292 1574 374 1640 bens
395 1578 468 1638 siue
487 1594 611 1651 errans,
632 1596 663 1658 p.
683 1575 757 1652 17⁰,
777 1573 817 1637 ad
833 1573 905 1638 nn.
922 1571 1004 1650 XV,
1023 1571 1221 1637 bsoribatnr
1239 1572 1325 1657 quod

290 1713 333 1755 an
357 1674 447 1776 quid,
467 1693 542 1775 quid
566 1692 708 1768 intersit,
729 1702 819 1754 reete
842 1691 994 1775 exponit)
1018 1688 1077 1753 Or.
1099 1691 1133 1753 in
1156 1690 1324 1755 Orationi·

292 1806 354 1872 bus
379 1807 514 1871 edendis
543 1820 632 1872 recte
655 1805 823 1871 iudicabat
853 1808 1061 1880 (maamad
1085 1806 1145 1872 Or.
1168 1832 1201 1895 p.
1226 1806 1324 1872 Caee.

293 1923 311 2009 §
333 1927 376 1988 86
397 1937 430 1988 et
452 1925 492 1988 of.
515 1948 592 1992 nnn.
619 1925 660 1990 ad
682 1925 783 1998 Fam.
797 1923 876 2002 vlt,
897 1926 930 2003 8,
953 1928 987 2003 o,
1010 1923 1067 1988 ubi
1088 1941 1176 1989 reete
1199 1926 1325 2003 statuit,

294 2044 371 2128 quid
389 2044 475 2107 inter
494 2052 533 2107 ut
549 2041 695 2126 liaberet,
713 2041 795 2126 quid
811 2041 939 2104 diceres
957 2052 990 2104 et
1011 2041 1100 2127 qtcod
1119 2042 1150 2105 d.
1170 2043 1325 2125 differet).

297 2158 333 2221 In
356 2158 441 2244 Epp.
464 2159 598 2223 edendis
622 2171 747 2221 mutata
774 2159 937 2220 sententia
961 2179 1060 2242 saepe
1079 2160 1126 2223 ita
1149 2161 1325 2245 praecipit:

294 2295 376 2360 „non
397 2274 504 2341 babeo
528 2276 608 2361 quid
623 2275 784 2352 scribam3
805 2271 946 2353 ottold,
968 2276 1055 2366 quod
1073 2277 1128 2356 sd,
1150 2289 1247 2361 atque
1272 2278 1324 2339 iu-

295 2393 422 2461 terdnm
445 2394 533 2472 dicit,
556 2414 593 2459 se
612 2413 683 2458 enm
708 2392 783 2459 odd.
804 2392 854 2459 nie
876 2390 1021 2458 seribere
1042 2392 1170 2469 solere;
1192 2411 1226 2458 n.
1249 2414 1326 2457 nnn.

276 2511 335 2573 ⁴ud
358 2511 450 2574 Fam.
472 2510 533 2588 IV,
562 2512 616 2584 13,
646 2513 678 2587 l,
699 2508 766 2586 XI,
792 2511 879 2587 8,1,
902 2508 983 2587 XII,
1011 2513 1066 2589 25,
1092 2514 1122 2588 1,
1145 2509 1244 2590 XVI,
1268 2514 1323 2584 26,

234 2609 236 2613 ’
294 2627 327 2704 2,
345 2623 415 2688 Att.
437 2624 464 2703 I,
487 2627 539 2704 12,
561 2627 593 2688 t.
640 2625 694 2690 De
714 2622 803 2687 nolui
821 2658 862 2671 -
884 2625 972 2710 quod
996 2647 1059 2690 non
1089 2626 1232 2692 fallitur:
1254 2628 1326 2691 cdd.

295 2754 406 2805 tamen
425 2741 480 2807 uel
502 2744 536 2806 in
559 2765 599 2807 ea
612 2741 756 2808 formula
779 2763 845 2806 non
859 2763 933 2807 nare
953 2757 1098 2828 pendunt,
1119 2758 1155 2809 ut
1175 2747 1213 2811 F.
1231 2745 1326 2828 VIII,

295 2862 327 2938 2,
356 2862 379 2923 2
402 2859 485 2943 (Md.
510 2859 578 2944 „De
608 2882 644 2925 re
673 2883 706 2946 p.
741 2859 823 2946 qnid
852 2873 874 2923 t.
894 2861 1052 2940 scribam,
1080 2862 1168 2931 notit
1194 2863 1326 2948 habeo),

298 2974 398 3055 XIV,
419 2980 471 3043 lu.
518 2976 571 3041 De
589 2977 694 3042 alteru
712 2967 821 3041 autem
840 2977 981 3042 formula
998 2980 1211 3045 uehementer
1228 2992 1326 3045 errat.

296 3091 352 3156 An
375 3112 505 3176 semper
529 3093 700 3156 dicendum
726 3106 793 3157 est:
815 3093 909 3175 „Non
934 3095 1052 3177 habeo,
1076 3090 1156 3185 quid
1178 3111 1211 3161 te
1232 3120 1327 3162 acuu-

297 3208 403 3273 aem‘¹I
434 3208 499 3274 Ubi
530 3229 595 3275 nott
626 3208 729 3277 habeo
766 3223 817 3283 eet
838 3217 967 3292 ,nemu
996 3214 1107 3281 dubito
1138 3214 1193 3297 (cf.
1220 3216 1260 3280 de
1291 3237 1324 3284 u.

295 3324 440 3389 Iubendi
455 3326 549 3390 Lael.
570 3328 622 3406 25,
646 3331 687 3392 91
712 3350 785 3392 oum
804 3328 966 3394 Oohsneri
983 3331 1085 3413 anm),
1106 3344 1196 3396 rente
1219 3334 1328 3420 eequi-

297 3455 350 3509 tur
366 3445 464 3529 quid:
489 3443 545 3509 nbi
561 3466 600 3508 ea
617 3445 761 3510 formula
775 3445 1011 3511 dubitationem
1033 3446 1156 3513 nullam
1174 3449 1274 3514 habet
1295 3462 1329 3514 et

296 3561 489 3647 simpliciter
520 3575 570 3625 est
600 3562 682 3626 anilii
709 3564 800 3627 deeat
831 3565 995 3651 (aliquid),
1028 3569 1248 3630 necessarium
1277 3580 1328 3631 ost

185 3767 187 3771 Ι
281 3678 391 3760 found.
434 3680 517 3741 Sunt
537 3678 615 3757 Ioci,
635 3702 773 3765 quorum
794 3685 956 3746 sententia
970 3682 1207 3749 dubitationem
1226 3681 1328 3746 relia-

297 3807 387 3879 qnat,
407 3806 480 3858 utrn
489 3794 631 3859 formula
648 3799 767 3863 rectior
783 3801 841 3864 sit:
862 3802 895 3863 io
909 3797 1026 3885 quibus
1048 3821 1068 3864 a
1087 3799 1328 3883 cdd.soripturu

297 3958 498 3975 m-

398 4057 459 4130 pati
477 4088 513 4100 -
531 4057 712 4124 tradiderint,
745 4060 824 4116 baud
850 4064 945 4118 miuus
971 4063 1076 4118 salsum
1099 4080 1185 4135 quam
1199 4061 1328 4133 probibet

394 4154 482 4203 esset.
1194 4176 1196 4181 ’
