3000 4875
365 389 416 463 48

303 599 347 665 ba
368 593 588 682 transposuit:
620 593 791 659 ceteri-ex
814 589 886 658 Md.
906 595 987 676 nid,
1008 598 1035 660 ι’.
1048 593 1135 680 Μ.
1158 618 1208 676 a,
1239 599 1333 683 quasi

301 715 467 781 sententia
494 710 555 775 illa
581 711 642 776 ait:
672 711 923 796 ,tribunumque
950 729 994 776 m.
1016 713 1126 798 potius
1156 714 1201 793 f.,
1236 733 1334 799 quam

301 843 531 920 quaestorem,
555 829 682 893 credo!
727 830 845 916 Neque
876 843 955 893 uero
987 831 1098 913 priore
1123 827 1196 894 loco
1217 830 1336 906 faisse

300 948 491 1035 intelligere
521 946 618 1012 licet:
660 949 844 1032 posteriore
872 958 982 1011 antem
1014 944 1100 1010 male
1131 944 1333 1032 superfluum

303 1080 374 1147 est3
414 1066 511 1141 cii,
534 1066 568 1127 1:
608 1062 673 1128 Eat
693 1058 860 1153 sddoyov:
897 1065 997 1148 idque
1021 1084 1110 1126 want
1133 1069 1334 1147 suspicatus.

302 1183 400 1262 Quod
422 1203 515 1269 qoam
539 1184 676 1269 scripsi,
711 1185 744 1247 iu
774 1181 977 1279 uulgalect.
1010 1189 1077 1245 tom
1106 1179 1190 1244 nihil
1220 1179 1332 1257 habet,

301 1323 367 1388 quo
389 1301 562 1380 referatur,
583 1322 650 1366 non
675 1299 763 1386 plus,
787 1322 884 1386 quant
906 1302 960 1379 28,
988 1302 1021 1378 3,
1048 1296 1107 1362 ubi
1131 1318 1214 1385 ego:
1236 1296 1335 1361 Adiit

300 1418 398 1495 titud,
418 1418 505 1500 quod
527 1425 593 1481 ium
613 1438 663 1482 me
683 1418 875 1481 stimulabat
895 1414 959 1501 [sc.
976 1417 1017 1478 ad
1038 1406 1334 1500 συμβουλευτικόν

302 1530 541 1619 scribendum],
563 1552 655 1614 quom
676 1532 740 1595 tide·
752 1531 869 1595 dadam
887 1523 1073 1616 πρόβλημα
1090 1522 1334 1617 ’Arzanenam

302 1650 448 1735 (,ecquid
471 1662 505 1713 tu
529 1651 720 1734 reperisset,
743 1648 827 1733 qnod
850 1650 885 1712 in
906 1668 946 1711 ec
966 1636 1162 1712 scriberem}
1186 1647 1228 1711 ci.
1249 1645 1333 1725 ΧΠ,

299 1769 353 1846 dd,
376 1769 415 1830 ²:
444 1766 567 1851 Popma
591 1777 625 1829 et
648 1765 820 1831 Manutius
843 1765 952 1831 locum
977 1788 1042 1829 non
1065 1763 1332 1845 intellexerunt),

302 1882 404 1969 uulgo
437 1895 547 1947 antem
578 1886 650 1949 sino
682 1907 753 1949 nar.
774 1883 915 1971 legitur:
949 1883 1037 1966 qnod
1053 1881 1124 1947 titi
1143 1915 1204 1962 -,
1239 1881 1333 1967 quasi

300 2021 382 2064 uero
406 1998 475 2064 Cic.
498 2000 580 2065 iliud
606 2004 726 2087 ipsum,
749 2002 835 2088 qnod
857 2023 932 2066 eum
954 1998 1147 2065 stimulabat
1169 2002 1333 2082 (timor-

299 2120 393 2182 cnins
421 2119 603 2202 ,casus⁹i),
648 2120 761 2185 Attico
799 2117 1033 2206 explicandum
1077 2118 1232 2183 dedisset.
1279 2114 1332 2181 Dc

298 2252 391 2317 qnam
412 2247 445 2298 et
467 2243 618 2319 qnoniam
640 2239 674 2301 iu
696 2236 749 2301 his
775 2257 904 2322 quoqne
925 2258 999 2323 epp.
1023 2235 1169 2300 confusis
1190 2235 1232 2297 ci.
1249 2232 1331 2312 XV,

298 2354 332 2429 8,
352 2354 384 2415 2·
398 2350 480 2437 (Md.
502 2360 653 2440 qtcotrr'om
676 2379 707 2442 p.
727 2360 853 2437 qnam),
875 2357 928 2434 18,
949 2358 971 2419 2
992 2356 1032 2440 (x
1055 2367 1143 2419 recte
1166 2354 1329 2436 quoniam,

273 2492 330 2573 μ,
352 2469 423 2535 Md.
448 2473 550 2554 cum),
584 2475 625 2551 9,
657 2475 675 2536 1
702 2471 775 2553 (uhi
797 2474 831 2535 in
854 2472 918 2537 loc.
940 2496 1023 2539 corr.
1047 2495 1073 2536 x
1098 2477 1265 2556 qnoniam,
1300 2488 1331 2546 z,

298 2584 369 2651 Md.
384 2589 499 2671 quon).
522 2625 557 2636 -
578 2589 648 2654 Att.
664 2590 747 2669 XV,
768 2592 868 2669 12,1,
892 2589 951 2653 ubi
966 2589 1107 2674 legitur:
1130 2596 1169 2651 ot
1182 2605 1247 2649 non
1271 2584 1331 2648 du·

298 2700 440 2785 ditores,
473 2715 581 2769 essert!
608 2713 686 2789 quin
715 2713 816 2772 otiosi
834 2705 973 2785 futuri,
1007 2725 1053 2769 ex
1077 2705 1263 2769 necessaria
1287 2701 1329 2766 I..

299 2842 383 2886 corr.
406 2823 613 2887 scribendum
637 2823 717 2888 init:
736 2830 814 2909 quin
837 2834 954 2890 essent.
1000 2823 1122 2887 Prosae
1145 2822 1233 2885 enirn
1255 2841 1330 2887 ora·

299 2941 401 3003 tionis
421 2939 637 3027 scriptoribus
657 2944 791 3007 minime
812 2943 908 3008 licuit
924 2941 1056 3006 uerbum
1077 2945 1182 3024 speum
1199 2950 1331 3001 seuten-

299 3058 366 3119 tiae
388 3059 436 3120 sio
459 3060 681 3123 coniunctioni
702 3081 924 3145 praeponere;
949 3079 1055 3143 nequo
1077 3077 1157 3120 uerc
1182 3058 1234 3119 uis
1256 3075 1331 3119 seu·

302 3174 425 3237 tentiae
450 3177 485 3236 in
507 3184 624 3268 crearat=
637 3186 693 3239 aut
715 3177 748 3238 iu
760 3173 884 3252 fututri
905 3195 966 3238 css.
988 3177 1086 3252 inest,
1105 3174 1164 3236 aad
1187 3175 1221 3236 in
1248 3178 1331 3237 otin-

297 3295 338 3355 st'.
351 3323 391 3340 -
408 3290 507 3372 XIV,
528 3295 582 3372 20,
600 3294 632 3370 2,
656 3289 713 3355 ubi
733 3314 778 3356 ex
791 3291 861 3356 Md.
880 3292 933 3375 (de
951 3313 992 3354 xz
1017 3289 1185 3355 silentium
1207 3291 1269 3372 est)
1281 3289 1330 3353 la·

299 3410 404 3495 gitur:
419 3411 497 3473 ende
512 3411 544 3494 (a
553 3409 698 3493 Miseno)
711 3419 791 3475 oute
803 3409 967 3488 discessit,
979 3429 1073 3491 qoam
1085 3410 1179 3473 illuns
1201 3412 1330 3471 sentiae

302 3526 463 3589 audiretur
474 3549 487 3588 .·
513 3548 534 3589 a
552 3548 615 3611 quo
629 3533 665 3590 in
678 3525 858 3592 Samonium.
896 3526 990 3604 Uide,
1008 3527 1088 3610 quid
1102 3546 1233 3611 speres„
1256 3522 1329 3587 uui·

300 3638 367 3704 laun
381 3641 480 3705 habet
492 3646 688 3707 sententiam
702 3666 723 3708 a
737 3665 810 3727 qieo,
824 3647 887 3708 nisi
899 3646 1025 3710 excidit
1036 3664 1155 3710 nomeu
1168 3643 1239 3704 eins
1251 3638 1328 3716 loci,

299 3778 364 3843 qno
389 3779 410 3822 a
433 3755 566 3821 Miseno
590 3758 757 3824 Antonius
783 3763 979 3828 discesserat
1006 3763 1146 3847 indeque
1173 3758 1206 3819 in
1234 3755 1329 3819 Saru-

298 3875 388 3937 niurn
425 3871 590 3960 proficisci
623 3877 800 3961 cogitabat.
844 3878 1068 3946 Uerisinrilius
1107 3890 1216 3941 tamen
1247 3872 1329 3937 mihi

299 3992 431 4057 uidetur
454 3989 660 4058 scribendum
684 4016 775 4060 esse:
806 3998 895 4077 oud,
924 4003 961 4062 in
983 3995 1163 4062 donatista.
1210 3993 1243 4058 A
1266 4011 1329 4078 qao

299 4108 463 4191 (hunnine)
494 4111 572 4176 aide
601 4112 683 4196 qnid
715 4113 760 4196 (te
789 4113 830 4177 de
860 4111 898 4176 B.
927 4126 985 4177 tuo
1009 4114 1146 4200 negotio
1173 4111 1330 4195 consequi

295 4228 407 4312 poste)
428 4247 549 4312 speres.
593 4228 645 4295 Cf.
669 4232 722 4313 17,
739 4233 785 4313 ²3
808 4232 861 4310 12,
881 4233 918 4305 1;
937 4230 1019 4309 XV,
1043 4232 1074 4307 l,
1092 4231 1125 4292 2.
1175 4229 1214 4293 ln
1235 4226 1329 4312 nuig.
