3000 4875
369 393 445 467 stc

305 605 389 668 sime
413 611 475 679 eet,
499 608 569 665 tum
589 595 769 663 falsissima
790 581 843 686 ep.
867 600 911 664 20
931 598 949 686 §
968 600 991 666 2
1011 597 1238 688 explicatione
1259 608 1338 673 niti·

304 722 372 805 tur)
405 740 469 804 ego
498 739 558 805 pro
591 718 749 788 mendoso
783 738 817 780 ιι.
845 716 948 783 illum
969 717 1096 786 scribo:
1117 720 1226 789 illinc.
1269 726 1340 810 „Ao

304 837 439 904 mollem
461 834 500 900 (3.
531 835 630 900 illinc
654 835 696 918 (ot
718 834 882 921 protinus
903 833 1030 914 Patris,
1060 857 1128 902 non
1149 861 1209 922 per
1222 839 1339 910 Brun.

304 958 438 1032 dicium,
466 956 502 1019 in
526 952 673 1020 Siciliam
704 953 803 1035 iret);
833 951 948 1039 alique
980 955 1080 1019 entre
1097 957 1196 1021 modo
1223 959 1265 1041 (si
1289 963 1338 1025 ite

304 1072 442 1155 feceret)
472 1069 550 1134 hice
575 1073 756 1135 euasissent
778 1071 819 1154 (et
836 1072 909 1135 ciue
927 1070 1053 1136 occulte
1070 1070 1182 1160 aliquo
1202 1080 1339 1163 propius

304 1192 442 1256 Romam
466 1189 625 1253 accedens
646 1190 718 1252 siue
740 1210 831 1251 mare
852 1190 1037 1271 transierum
1060 1192 1104 1264 ci,
1127 1195 1162 1267 5,
1181 1197 1221 1270 2;
1241 1199 1274 1273 6,
1295 1198 1338 1271 2;

305 1311 360 1387 15,
382 1310 423 1383 83
442 1305 494 1385 «18,
525 1304 558 1381 13
581 1308 636 1385 20,
656 1307 710 1385 2);
739 1326 827 1369 nuce
849 1306 920 1358 -“
943 1304 998 1371 De
1030 1309 1146 1395 aliquo
1170 1311 1269 1376 modo
1290 1312 1334 1376 cs.

304 1425 378 1506 Xl,
410 1427 471 1504 14,
500 1426 542 1500 2,
563 1423 608 1488 el.
630 1422 766 1488 Scilicet
789 1421 906 1502 modo,
947 1426 1104 1491 emissum
1128 1428 1162 1492 in
1186 1431 1338 1513 pessimis

304 1542 378 1607 cdd·
401 1541 570 1627 iuterpcl.,
592 1539 734 1605 Helmet.
756 1553 789 1604 et
810 1540 937 1621 siclt,
959 1543 995 1606 in
1016 1546 1138 1610 ceteris
1167 1560 1337 1612 seruatum

305 1662 378 1723 eine
398 1659 469 1724 ulla
488 1661 683 1724 auctoritate
703 1659 815 1730 omisit
836 1657 970 1740 Grceu.,
991 1682 1060 1748 sqq.
1080 1662 1241 1727 Deillirzc
1262 1666 1336 1729 siue

305 1777 397 1841 illim
418 1779 453 1841 in
474 1776 577 1841 illum
599 1788 754 1862 corrupto
781 1776 824 1839 cf.
848 1774 930 1851 vll,
958 1780 1065 1858 21,1‚
1088 1779 1145 1844 ubi
1169 1780 1241 1845 cdd.
1259 1780 1335 1846 Lei.

306 1908 351 1973 et,
376 1907 460 1959 teste
482 1894 582 1973 Uict,
599 1892 671 1958 Md.
696 1885 801 1973 istim,
821 1891 907 1972 Mc,
928 1905 953 1957 t.
978 1896 1089 1970 Furio,
1115 1919 1146 1961 m
1169 1901 1200 1961 1.
1221 1898 1337 1978 ictum,

306 2034 350 2080 m.
380 2016 403 2075 2
433 2013 544 2091 istinc,
573 2010 662 2076 Non.
698 2034 731 2075 ιι.
760 2021 909 2090 rutrum,
940 2009 998 2075 ubi
1028 2014 1079 2078 ed.
1109 2036 1184 2078 mea
1216 2017 1335 2098 (Paris.

305 2131 389 2194 1583
410 2149 488 2194 cura
509 2128 666 2213 Merceri)
689 2128 804 2206 illum,
837 2125 949 2192 Gifen.
966 2128 1070 2211 illim,
1096 2129 1238 2197 Mereor.
1261 2152 1335 2197 cum

305 2246 401 2312 lunio
425 2247 533 2311 illine.

387 2364 474 2429 Ibid.
492 2362 549 2449 §2
570 2383 627 2448 „ec
651 2383 739 2426 nunc
762 2384 835 2426 cum
855 2359 1072 2426 cohortibus¹¹.
1119 2364 1335 2433 scribendum

304 2499 356 2550 est
376 2505 423 2548 ex
439 2481 508 2546 Md.
530 2503 587 2565 „eo
604 2480 632 2566 †
649 2503 733 2546 num
756 2480 845 2545 coh.“
868 2492 925 2546 cut
946 2494 1035 2545 certe
1049 2480 1188 2548 lacunae
1202 2488 1335 2572 signum

303 2614 380 2689 post
400 2623 478 2663 cum
498 2599 696 2686 ponendum.
743 2599 880 2662 Excidit
900 2598 1000 2676 enim,
1032 2602 1156 2664 utiam
1181 2599 1218 2666 C.
1242 2603 1336 2683 uidit,

305 2719 489 2784 cohortium
514 2737 680 2780 numerus.
737 2754 742 2762 ·

388 2836 450 2922 Ep.
474 2835 515 2901 lo
536 2834 554 2920 ᾗ
576 2837 595 2898 l
618 2856 693 2920 „per
714 2831 840 2897 liberos
863 2854 933 2913 erc,
957 2829 1120 2900 obsecrot.
1163 2834 1239 2902 Non
1262 2839 1336 2902 sine

304 2976 404 3020 cause
426 2952 468 3016 L.
491 2975 536 3017 ex
558 2951 663 3017 altero
685 2951 746 3016 iilo
769 2949 925 3036 exernplo
947 2951 1046 3016 huius
1067 2974 1120 3038 ep.
1143 2954 1336 3039 integriore,

304 3071 390 3157 qnod
421 3083 472 3132 est
501 3070 542 3133 ed
564 3070 635 3133 Att.
656 3071 705 3146 X,
725 3072 760 3145 ii,
783 3070 915 3151 scripsit
947 3093 994 3155 „p
1020 3069 1043 3133 l.
1073 3081 1106 3134 tc
1137 3092 1195 3135 erc
1226 3082 1259 3135 et
1282 3072 1331 3136 o.‘⁴

303 3188 425 3252 Perse
450 3188 557 3271 ipsum
579 3206 667 3272 noro,
699 3184 852 3248 obsecrc‘⁴
874 3182 996 3251 falsum
1021 3207 1086 3251 non
1112 3201 1179 3264 επις
1202 3189 1244 3253 cf.
1262 3188 1334 3253 Att.

303 3303 370 3383 xi,
391 3305 424 3379 2,
444 3305 477 3367 8.

388 3420 473 3485 Ibit.
496 3421 649 3505 „eandem
671 3423 832 3488 rationem
854 3422 926 3487 iore
948 3420 1089 3486 Caesari
1109 3423 1143 3484 in
1165 3456 1209 3470 -
1227 3422 1336 3493 feren·

304 3539 383 3605 dist.
425 3539 588 3603 Peruerse
619 3537 678 3604 Or.
709 3541 749 3605 ιιιΙ
781 3539 853 3605 Att.
885 3539 909 3603 l.
941 3538 964 3603 l.
999 3559 1045 3603 ex
1085 3539 1148 3603 hcc
1175 3539 1335 3625 exemplo

304 3658 435 3742 scripsit
460 3655 610 3736 caecari,
633 3679 732 3743 quum
762 3660 834 3721 sine
864 3655 933 3720 ulle
964 3679 1033 3721 ucr.
1061 3655 1229 3742 legeretur
1250 3656 1336 3719 Gae-

302 3772 402 3837 earie.
451 3770 574 3837 Contra
596 3774 629 3837 h.
652 3796 783 3861 quoque
797 3774 821 3839 l.
842 3773 1049 3839 scribendum
1071 3773 1135 3836 fuit
1156 3772 1336 3838 Caesarie:

305 3912 401 3955 nemo
424 3893 511 3955 enim
532 3892 663 3976 „eedem
683 3894 768 3956 ratio
791 3904 842 3956 est
863 3891 964 3956 milri⁴¹
984 3891 1017 3954 in
1037 3888 1120 3953 hene
1135 3890 1334 3954 sententiam

303 4009 394 4088 dicit,
426 4023 461 4074 ut
490 4012 533 4073 sit
556 4033 592 4095 „e
621 4033 650 4077 r.
671 4005 960 4097 (ooobluogttotite
983 4007 1281 4094 itemgccgtmccte)
1305 4028 1334 4072 e.

304 4129 406 4191 mea⁴¹0
