3000 4875
904 469 907 476 ,
1018 313 1150 437 ¹'129

178 572 213 634 in
244 569 355 636 Pison.
386 567 403 652 ᾗ
423 571 466 633 99
489 567 681 651 (uiderem),
706 565 873 666 p.-'l'ullic
896 568 914 652 §
934 552 1214 669 &insererem

177 687 270 750 Fam.
301 686 392 764 XV,
420 687 481 764 ll,
514 685 536 747 8
569 682 638 767 (ubi
666 706 729 774 ego
761 706 807 748 ex
836 683 907 748 Md.
932 708 1211 784 conseqaeremm·

40 781 42 794 ἱ
84 825 89 838 ·
178 802 319 887 scribo),·
358 823 434 882 ann.
468 821 559 866 meas
581 799 622 865 ad
645 799 686 866 Τ.
710 801 810 888 Disp.
831 825 863 887 p.
886 804 1024 880 21-22..
1054 803 1213 868 Similiter

178 920 277 1006 paulo
303 920 525 1000 antedictum
549 932 614 986 est:
638 919 743 1002 „nihil
764 942 783 983 a
807 941 859 988 me
884 922 948 986 nisi
971 917 1212 1007 -iridiligen-

177 1041 256 1102 tiam
282 1036 547 1124 reprehensans.
597 1091 603 1100 ,

185 1219 189 1226 ,
259 1138 470 1239 Ibin-„nnnc
500 1166 532 1218 te
554 1166 666 1220 contra
688 1156 846 1218 uictorem
872 1137 998 1232 iacere,
1032 1137 1128 1240 quem
1153 1154 1212 1222 dn·

176 1270 241 1336 biis
262 1270 361 1340 rebus
381 1269 514 1338 laedere
536 1272 700 1337 noluistil.
742 1270 872 1364 lterum
896 1292 1052 1368 peruerse
1076 1292 1124 1335 ex
1148 1270 1212 1334 hcc

177 1412 234 1454 ex.
268 1389 522 1476 alterumlillud
548 1404 728 1456 correctum
761 1403 829 1471 est,
859 1389 921 1454 'ubi
946 1390 1018 1456 cdd.
1044 1392 1115 1453 neti
1138 1402 1212 1471 post

176 1507 340 1572 uictorem
360 1506 483 1572 habent
507 1507 707 1586 Caesarem,
733 1509 818 1593 quad
841 1510 875 1572 in
897 1506 967 1572 Md.
990 1529 1087 1602 qnam
1112 1506 1210 1571 facile

175 1624 332 1687 excidere
358 1629 520 1709 potnerit,
550 1628 623 1713 quis
647 1646 712 1689 non
733 1626 848 1689 uidet?
877 1625 919 1689 Et
943 1626 1073 1712 quidem
1099 1646 1213 1713 neces·

173 1743 295 1807 sarium
318 1754 368 1805 est
394 1741 586 1823 Caesarem,
602 1765 669 1807 non
692 1743 789 1807 modo
806 1746 1037 1810 concinnitatis
1052 1764 1162 1823 causa,
1176 1718 1212 1806 rit

60 1885 63 1890 ¹
173 1862 236 1944 sqti
260 1883 314 1923 eos
336 1860 640 1945 respondeat,lsed
667 1872 703 1922 ut
724 1883 823 1947 qrrem
846 1861 967 1924 habeat
992 1882 1057 1946 qno
1086 1862 1210 1924 refera-

174 1988 238 2053 tur,
264 1977 349 2060 quod
372 1977 412 2039 ad
435 1976 598 2039 uictorem
621 1975 671 2056 (=
694 1996 810 2060 „quum
835 1978 940 2039 uictor
962 1978 1047 2054 est‘,
1083 1991 1211 2042 contra·

172 2095 258 2158 rium
297 2116 352 2157 nu.
400 2091 524 2176 „dubiis
557 2091 685 2175 rebusl)
731 2114 796 2156 non
819 2095 926 2179 magis
950 2094 1067 2158 referri
1089 2105 1209 2179 potest,

173 2234 271 2299 quam
295 2234 343 2298 sq.
372 2233 456 2301 quos
477 2211 518 2275 ad
533 2205 682 2298 jugatos
706 2210 792 2274 nude
813 2213 885 2287 sine
911 2235 967 2276 eos
988 2213 1130 2297 positntn
1158 2234 1210 2275 re·

172 2332 250 2395 ferri
271 2334 388 2415 potuit.
412 2327 598 2394 -Contra
620 2330 655 2392 in
678 2328 784 2393 altero
809 2349 865 2391 ex.
887 2328 907 2412 ξ
928 2331 949 2392 4
972 2351 1017 2392 ex
1041 2329 1102 2393 hoc
1123 2331 1210 2393 inter

171 2450 259 2512 scire
281 2463 314 2513 et
337 2462 450 2515 tamen
473 2449 655 2514 addendum
682 2459 730 2511 set
754 2460 814 2511 cst.

255 2566 338 2632 lbid.
372 2570 445 2648 Η.
475 2567 736 2655 percurrissem.
793 2566 849 2633 Sic
878 2568 913 2629 in
943 2563 1047 2631 altero
1080 2586 1208 2652 quoque

172 2707 229 2748 ex.
252 2685 423 2751 scribitur:
445 2685 504 2750 sed
528 2689 562 2749 in
586 2684 645 2749 illo
669 2707 715 2748 cx
735 2683 822 2762 Md„
846 2705 878 2746 u.
902 2705 931 2748 c.
952 2682 1038 2763 Lni,
1061 2705 1097 2761 c,
1122 2704 1208 2747 mex

170 2801 292 2881 Arch.,
319 2803 527 2867 scribendum
543 2802 838 2889 percucurrissem
861 2811 912 2865 est
931 2803 1075 2885 itemque
1090 2803 1125 2864 in
1144 2800 1207 2863 hoc

67 2909 71 2915 ’
171 2920 411 3005 corrigendum.

254 3038 313 3123 Ep.
340 3042 381 3102 17
404 3038 421 3123 §
446 3041 476 3101 1.
519 3037 578 3102 Or.
602 3057 647 3099 ex
669 3034 741 3100 Mt.
766 3037 916 3122 scripsit:
944 3034 1060 3119 „Quod
1080 3036 1207 3098 utinam

168 3155 195 3240 †
217 3167 278 3219 aret
300 3157 429 3244 Appius
454 3155 637 3231 Claudius,
670 3157 705 3218 in
727 3153 793 3219 ieta
815 3167 908 3240 parte
929 3151 966 3218 C.
989 3151 1094 3218 Curio
1114 3187 1156 3200 -
1180 3154 1207 3214 ¹¹.

169 3271 205 3334 ln
230 3295 327 3358 quarn
348 3276 544 3337 sententiam
569 3270 704 3337 Caelius
726 3272 917 3353 scripserit,
950 3292 996 3334 ex
1019 3292 1074 3334 uu.
1096 3271 1206 3353 „cuius

165 3403 209 3439 ‘-··
239 3388 400 3454 ablatam⁴¹
430 3412 529 3475 quum
558 3387 654 3453 facile
690 3387 909 3471 intelligitur,
934 3399 1002 3450 tum
1023 3386 1129 3466 Uict,
1151 3385 1204 3460 L.,
1312 3410 1316 3419 ·

140 3594 143 3600 Ι
169 3506 270 3571 Gran.
294 3507 543 3574 intellexerunt.
608 3506 679 3593 Ego
704 3508 752 3570 sic
771 3503 898 3572 scribet
926 3502 967 3580 Q.
989 3525 1021 3572 ιι.
1045 3504 1062 3542 *
1082 3516 1139 3567 aut
1163 3502 1205 3567 A.

169 3623 206 3689 C.
233 3629 266 3689 in
292 3629 314 3689 i.
337 3651 390 3713 p.,
414 3628 434 3670 ἕ
456 3624 495 3690 C.
522 3623 560 3689 C.
582 3624 674 3703 -”,
716 3636 813 3710 atque
849 3624 999 3708 suspicor
1033 3632 1108 3707 post
1140 3623 1206 3685 uti·

167 3768 248 3809 nam
271 3747 437 3811 excidisse
461 3768 521 3826 ne,
557 3756 631 3828 post
648 3753 884 3830 miserantem
905 3736 1049 3825 fnisset,
1082 3749 1145 3803 ant
1169 3739 1206 3802 ia

169 3864 244 3924 hcc.
286 3865 391 3931 Paulo
422 3875 496 3950 pest
528 3883 591 3950 ege
613 3858 743 3926 scribo:
771 3857 843 3944 „Tu
866 3856 940 3946 [tu]
967 3856 1092 3942 perrel.
1143 3855 1205 3920 Di·

169 3978 307 4045 cendum
330 3996 417 4047 certe
440 3984 503 4047 tuit
530 3980 605 4061 Tra,
623 4003 681 4069 p.,
701 3991 749 4046 tu.
797 3977 850 4042 De
872 3980 983 4062 prauis
1007 3973 1077 4039 Md.
1099 3979 1204 4061 gerni·

168 4097 356 4163 nationibus
388 4120 487 4182 supra
518 4101 639 4165 dictum
671 4108 731 4161 est.
790 4094 880 4160 lnlra
904 4092 990 4183 qued
1020 4090 1090 4159 Md.
1113 4116 1203 4158 nien·

169 4216 247 4280 dose
270 4238 322 4279 me
343 4238 401 4301 pro
423 4217 473 4282 ml
492 4216 590 4283 habet
613 4217 711 4298 (sicut
733 4213 788 4290 X,
815 4217 853 4293 1,
877 4217 896 4278 l
922 4234 980 4297 pre
1002 4232 1075 4277 noc.
1100 4212 1148 4276 mi
1171 4226 1203 4276 et

983 4347 1000 4394 9
1011 4392 1014 4398 .
