3000 4875
361 344 411 416 64

304 546 476 622 constituti
493 575 525 639 p.
543 550 696 629 constiti,
709 551 812 646 VIII,
827 557 882 635 15,
900 557 923 633 ².
939 567 1179 644 propugnatne
1201 583 1232 646 p.
1251 581 1335 650 pro.

301 672 454 762 gnotus),
472 669 521 747 Υ,
532 671 586 747 20,
600 672 622 732 2
642 672 830 736 consolatos
843 695 874 759 p.
887 672 1052 748 conlatas,
1065 671 1174 756 x1‚e,
1187 680 1205 739 1
1224 677 1336 743 elabo-

307 799 406 853 ratur
417 810 450 873 p.
465 784 630 866 elabatur,
642 786 737 867 VIII,
752 792 804 869 1⁰,
819 792 841 851 4
860 797 1074 877 eniterentur
1088 813 1121 874 p.
1132 797 1334 881 uertentur),

306 917 416 971 tamen
425 906 572 990 suspicor
584 902 832 990 injunctorum
842 905 946 970 latera
954 903 1114 991 functam
1124 909 1214 988 niri3
1228 932 1335 997 nequo

307 1027 406 1100 enim,
425 1035 459 1085 ut
470 1021 609 1085 Plautus
622 1044 685 1086 non
699 1045 773 1087 raro
785 1022 991 1101 beneuolens‚
1007 1026 1056 1087 sio
1071 1022 1140 1089 Cio.
1158 1024 1336 1093 heneaulus

308 1139 506 1208 substantiui
529 1147 599 1206 loeo
624 1141 717 1226 ponit
751 1140 878 1224 (111‚e‚
899 1144 918 1203 1
944 1140 1150 1208 substantiuo
1174 1144 1336 1231 cuiqnam

307 1263 495 1327 adiunctum
532 1256 614 1343 est);
656 1280 852 1344 quamquain
882 1257 958 1322 h.l.
980 1257 1011 1322 b.
1044 1264 1091 1324 sic
1123 1264 1265 1347 positura
1290 1283 1337 1325 ex

309 1382 482 1462 coniuncto
519 1375 721 1440 amicissimi
752 1377 1003 1441 exeusationem
1032 1377 1176 1464 aliquam
1214 1377 1337 1446 habero

308 1546 510 1562 Η

411 1635 487 1689 thesi
512 1650 636 1697 oausam,
665 1650 718 1686 cur
738 1632 904 1687 Messallam
924 1632 1089 1688 absolutum
1115 1651 1178 1689 esse
1194 1634 1338 1692 affirmare

413 1727 515 1799 possit.
550 1727 597 1778 Ao
623 1726 654 1778 in
677 1725 736 1780 Ma
757 1726 895 1781 omissum
919 1743 972 1796 ego
997 1726 1112 1795 addidi3
1141 1745 1235 1799 neque
1260 1728 1337 1781 enirn

415 1819 532 1872 Caelius
553 1820 643 1890 magis
664 1837 706 1892 ,0.
721 1822 868 1873 ordinibus
882 1817 941 1871 alrs.
953 1820 1013 1872 eset
1024 1818 1120 1872 dicere
1128 1820 1235 1891 potuit,
1253 1837 1337 1890 quam

415 1910 476 1963 Cic.
495 1913 634 1979 ,tritonis
652 1928 708 1968 aer.
727 1911 894 1965 ahsolutusl
911 1909 947 1964 ad
966 1910 1000 1976 Q.
1012 1910 1043 1963 F.
1059 1909 1096 1974 II,
1108 1915 1151 1975 16,
1164 1915 1190 1975 3,
1207 1910 1259 1962 uhi
1277 1917 1336 1963 est:

415 2023 452 2072 „a
469 2009 504 2056 tr.
525 2020 581 2056 aer.
600 2002 675 2067 alos,
693 2003 725 2057 in
744 2021 765 2057 s.
784 2002 826 2056 lv
845 2002 1014 2056 sententiis¹‘
1041 2001 1091 2070 (cf.
1109 2003 1141 2056 F.
1164 2002 1242 2066 VIII,
1260 2008 1287 2066 8,
1305 2007 1337 2060 ὃς

413 2094 501 2167 „quid
518 2095 627 2165 singuli
644 2094 760 2148 ordines
778 2094 991 2162 iudicassentt).
1027 2094 1099 2147 Tam
1118 2095 1190 2148 dure
1208 2093 1338 2147 Caelium

415 2185 579 2256 scripsisse,
602 2192 636 2239 ut
652 2206 694 2240 ore
712 2189 744 2239 in
762 2206 793 2240 re
809 2189 959 2257 praesenti
975 2204 1044 2257 pror
1064 2202 1169 2257 „quum
1187 2201 1239 2255 epo
1257 2185 1290 2236 iu
1307 2200 1339 2237 re

413 2299 440 2351 p.
456 2278 564 2331 esscm¹¹
577 2278 717 2349 posuerit,
735 2295 819 2330 nemo
834 2276 920 2330 facile
933 2277 1004 2329 mihi
1019 2275 1202 2348 persuaserit
1231 2275 1338 2329 Notum

413 2377 458 2425 est
476 2370 646 2424 Ciceronem
663 2387 778 2444 quoque
796 2369 915 2443 eiusque
934 2368 1067 2442 aequales
1092 2367 1162 2421 talia
1187 2385 1247 2420 non
1272 2384 1338 2420 raro

413 2464 576 2535 scripsisse,
602 2464 687 2535 quale
706 2470 750 2516 est
768 2466 851 2518 arella
866 2465 980 2534 praeda
1005 2462 1077 2530 (Ate
1096 2460 1147 2526 IV,
1164 2466 1207 2526 17,
1226 2463 1265 2528 3),
1289 2463 1340 2517 illo

413 2564 580 2607 accusatore
605 2557 708 2625 illoque
737 2557 854 2609 oonsilio
891 2554 939 2622 (Q.
958 2553 990 2606 F.
1009 2553 1061 2616 III,
1080 2556 1106 2616 4,
1128 2557 1170 2621 1)=
1203 2552 1341 2606 aduerhia

413 2640 680 2717 praepositioucsue
719 2662 785 2696 cum
823 2643 1015 2702 substantiuis
1055 2644 1169 2697 iunctas
1200 2642 1339 2697 Ablatiuo

324 2798 327 2803 q
414 2736 548 2791 absoluto
582 2754 642 2789 non
675 2735 832 2808 ponebant,
867 2741 901 2787 ut
927 2733 999 2788 iecit
1022 2735 1141 2789 Tacitus
1167 2736 1214 2804 (A.
1231 2735 1285 2799 xt,
1303 2740 1342 2788 22

413 2828 519 2899 „nullis
540 2830 639 2899 polam
656 2846 750 2902 neque
768 2830 890 2901 oopoitis
902 2845 968 2882 mox
979 2828 1099 2899 causisl,
1118 2828 1199 2894 XVI,
1215 2835 1233 2882 5
1251 2828 1340 2899 ,mul-

416 2921 455 2975 tis
471 2923 570 2992 polam
588 2926 618 2973 et
634 2921 771 2993 pluribus
790 2923 934 2985 occultinl,
961 2923 985 2987 I,
1002 2928 1037 2976 68
1059 2939 1125 2977 raro
1143 2939 1229 2990 saper
1245 2921 1347 2976 milite.

415 3020 491 3067 ct-
501 3015 620 3085 defionO
636 3015 745 3086 aliique
756 3013 819 3067 eius
832 3013 897 3067 aeui
914 3012 1076 3084 scriptores.
1088 3041 1123 3052 -·
1137 3010 1169 3063 Si
1184 3011 1340 3083 quidquam

414 3102 446 3155 in
464 3122 496 3155 re
515 3103 597 3166 latet,
626 3104 741 3157 Caelius
769 3125 811 3157 rac
833 3107 865 3156 in
891 3123 922 3157 re
949 3107 985 3170 (oz
1013 3104 1044 3155 in
1063 3101 1216 3155 Messallae
1241 3107 1340 3172 eausa)

412 3203 564 3267 praesente
582 3202 632 3247 aut
652 3194 750 3265 potius
772 3215 813 3248 nse
839 3198 870 3249 in
889 3198 952 3248 intre
978 3193 1026 3263 [ci.
1044 3212 1072 3265 p.
1092 3192 1193 3260 Quint.
1215 3196 1292 3264 §79]
1311 3215 1341 3266 p.

415 3286 473 3341 Sed
489 3287 581 3341 merito
599 3287 664 3340 ucri
690 3285 814 3341 similior
832 3286 904 3340 milri
922 3284 1040 3339 uidetur
1057 3285 1160 3340 Rutilii
1181 3287 1255 3342 coni.
1273 3302 1290 3341 a
1306 3287 1340 3342 L.

417 3399 477 3453 sqq.
507 3385 639 3452 recepta:
669 3398 712 3433 me
727 3389 896 3450 praesente:
924 3377 977 3441 ubi
1002 3377 1131 3434 enimc.
1152 3377 1340 3449 adiueriteu

414 3473 479 3546 ipsa
507 3473 651 3526 sententia
690 3471 828 3526 facillime
862 3470 1044 3541 intelligitur.
1091 3471 1136 3524 Ex
1162 3489 1204 3524 rae
1233 3469 1340 3523 uitiosa

417 3565 591 3636 repetitione
614 3564 752 3617 factumst
777 3584 819 3626 re,
846 3581 881 3616 cx
905 3571 1057 3633 praesente
1073 3572 1287 3634 praesentante,
1306 3568 1340 3615 ut

415 3656 439 3719 I,
456 3662 519 3719 7,9
547 3659 740 3728 bestcficentiis
758 3672 793 3709 ex
811 3655 964 3728 beneficiis,
987 3656 1200 3727 sententiasque
1225 3671 1261 3708 ex
1278 3673 1339 3707 acse-

414 3749 500 3822 tiasq.
523 3746 665 3802 Similiter
681 3748 871 3819 depraustum
888 3753 942 3811 cst,
961 3746 1039 3819 quod
1056 3745 1164 3817 legitur
1180 3747 1241 3803 Att.
1258 3746 1354 3813 XIII,-

309 3882 312 3890 .
415 3844 464 3895 ³4³
492 3846 542 3909 „ut
565 3858 631 3893 cum
655 3839 783 3894 Publilio
810 3857 856 3892 me
882 3838 1010 3910 †paeoe
1035 3838 1154 3892 absente
1179 3838 1340 3902 conficiasl,

415 3932 466 3987 uhi
488 3931 556 3988 Seli.
574 3952 667 4003 poeno
684 3938 764 3986 recte
782 3931 909 3995 deleuit;
928 3932 966 3986 ef.
986 3935 1029 3996 47,
1048 3930 1078 3996 h,
1096 3930 1278 3985 adcredens
1296 3946 1340 3982 re:

417 4028 482 4097 ,Mc
500 4026 577 4081 enim
593 4027 719 4080 'absone
737 4042 763 4078 o.
782 4042 848 4079 cum
869 4024 930 4078 illis
956 4021 1077 4095 transigi
1099 4023 1190 4076 uolol.
1226 4020 1260 4074 In
1279 4011 1362 4074 Mo'

417 4126 462 4172 est
483 4139 633 4191 meamne.-
667 4117 782 4173 scilieet
807 4117 916 4173 uitium
937 4133 1000 4172 uoc.
1025 4132 1116 4186 apaan
1141 4117 1194 4186 p'ro
1221 4120 1342 4185 amento

417 4211 520 4285 scripti
538 4211 675 4267 lihrarias
694 4211 759 4286 ipse
775 4210 910 4268 correxit.
