3000 4875
1106 381 1156 453 zm

174 579 217 670 sd
240 598 328 668 Phil.
348 597 382 663 ll
416 596 519 677 §943
554 590 611 656 sed
644 587 854 666 similleio.
877 577 1070 676 OpsAcnd.
1091 611 1122 676 p.
1145 591 1214 656 206

176 723 249 808 (qui
271 716 385 784 laudat
406 714 537 798 Zumpt.
561 709 707 776 Graium.
740 712 759 788 ἱ
783 707 880 789 357),
912 705 953 770 sd
977 704 1052 772 Fin.
1075 710 1093 771 1
1116 713 1135 789 ς
1155 713 1209 789 ol,

178 859 377 881 ..n—‘—

208 963 213 970 ’
280 950 333 1010 68,
352 946 389 1004 2,
407 940 470 993 Ate.
490 936 564 1003 Vll,
582 940 619 1001 δ,
646 938 681 1001 1,
701 939 735 1001 6,
755 938 791 999 2,
817 930 1211 1006 MadnadFinllp.1so

285 1053 351 1089 cum
368 1031 457 1098 Add.)
483 1035 533 1082 aut
558 1028 590 1081 in
616 1026 735 1080 eandem
756 1025 927 1079 seutentiam
945 1043 1075 1091 censeos3
1109 1026 1149 1086 cl'.
1174 1026 1210 1081 de

282 1126 380 1180 ecdem
398 1121 612 1177 consultatione
631 1123 648 1185 S
664 1124 692 1181 3,
712 1122 756 1183 15,
772 1123 790 1170 2
807 1119 877 1172 scire
895 1119 986 1182 uelim,
1004 1120 1071 1191 quid
1087 1137 1211 1182 censeor,

281 1223 326 1285 22,
345 1222 363 1269 2
384 1216 456 1281 Quid
473 1214 542 1266 mili
559 1214 649 1281 igitur
668 1210 800 1277 censeat]
822 1212 856 1261 de
875 1227 908 1261 eo
924 1210 976 1275 [so.
995 1225 1044 1272 τος
1077 1207 1209 1274 luerunt,

282 1308 387 1380 quide
409 1305 540 1358 Terentio
564 1301 763 1371 intelligerent
773 1302 813 1368 !]‚
841 1301 869 1351 in
889 1319 943 1374 qim
964 1298 1018 1366 [sio
1036 1314 1107 1368 οὓτω
1134 1318 1209 1355 esra-

286 1405 348 1451 tum
370 1403 415 1450 est
439 1399 560 1467 propter
587 1411 628 1467 sq.
652 1400 699 1446 too
726 1394 762 1460 n]
790 1398 837 1444 too
862 1395 915 1443 eet.
962 1389 1026 1459 Ego
1051 1389 1143 1460 igitur
1160 1392 1212 1458 xl,

283 1495 318 1551 5,
354 1494 371 1541 3
400 1488 444 1540 sic
469 1485 582 1539 scribo:
622 1486 701 1550 Quod
716 1510 750 1524 -
768 1500 819 1535 uos
852 1484 969 1552 scripsi,
999 1482 1044 1533 isis
1062 1483 1165 1536 litteris
1182 1502 1213 1554 p.

284 1581 426 1649 intelliges
445 1584 498 1631 eet.
535 1577 581 1631 Ex
599 1578 700 1645 scripsi
717 1577 762 1629 leis
778 1576 904 1646 primum
921 1574 1057 1643 (sortasse
1071 1574 1103 1627 in
1112 1576 1213 1645 Areh.)

284 1671 393 1725 foetum
411 1676 455 1724 est
473 1671 598 1739 scripsis,
616 1668 720 1721 deinde
737 1668 770 1720 in
789 1684 822 1721 ec
840 1667 902 1731 cd,
913 1666 998 1719 -unde
1018 1684 1064 1731 xz,
1084 1666 1146 1722 md.
1164 1667 1212 1722 de·

284 1763 373 1817 riuati
393 1768 471 1828 sunt,
490 1762 612 1830 scriptis.
649 1760 702 1812 llis
720 1758 837 1831 quidem
856 1758 1050 1811 necessarium
1066 1765 1124 1812 est:
1141 1743 1213 1814 item

284 1856 417 1909 futurum
445 1855 594 1923 intelliges.
633 1852 734 1925 Aliquo
761 1869 792 1903 re
811 1854 850 1922 (p.
872 1869 905 1903 es
930 1868 956 1905 o.
974 1852 1013 1917 r.)
1043 1852 1212 1921 intelligere,

284 1963 461 2015 cognoscere,
485 1945 643 2013 perspicere
661 1942 723 1995 cie.
744 1960 830 2013 osope
847 1942 929 2006 dicit,
952 1947 986 1992 ut
1002 1942 1079 1995 Fum.
1100 1942 1124 2009 l,
1142 1949 1168 2011 5,
1184 1943 1212 1998 b.

287 2042 302 2090 l
329 2041 375 2106 (ea
409 2033 449 2088 te¹
465 2042 494 2087 et
518 2034 613 2087 literis
646 2034 804 2087 multorum
833 2039 863 2086 et
897 2032 1008 2086 nuntiis
1041 2037 1212 2105 cognosse)=

285 2130 365 2203 quod
389 2127 421 2179 in
448 2125 534 2179 Olsss.
556 2126 587 2178 in
606 2126 680 2180 Sost.
705 2145 734 2198 p.
755 2130 791 2179 32
815 2126 935 2197 scripsi:
963 2126 1020 2195 „At
1036 2156 1073 2166 --
1093 2143 1213 2198 cognos-

288 2221 386 2284 cere¹¹‚
405 2218 563 2271 dormitans
582 2218 695 2291 scripsi.
714 2250 750 2261 —
768 2219 846 2273 Fam.
864 2217 951 2283 vm,
981 2222 1033 2281 13,
1063 2223 1082 2270 2
1102 2219 1153 2274 Or.
1171 2221 1215 2273 sic

287 2310 420 2383 scripsit:
448 2312 678 2376 Quemadmodum
696 2312 748 2363 lsoc
769 2312 917 2379 Pompeios
936 2311 1047 2364 loturus
1066 2314 1113 2372 sit,
1134 2331 1215 2380 quon

288 2408 456 2472 cognoscat,
481 2403 610 2470 quidnam
628 2402 713 2470 reip.
727 2404 858 2468 fastuosam
877 2403 930 2466 rit,
956 2402 983 2452 si
997 2405 1011 2430 ⁴
1028 2405 1042 2430 ⁴
1061 2406 1075 2431 ⁵
1093 2410 1215 2458 osteor

289 2502 383 2559 curet,
412 2510 462 2545 uos
481 2510 559 2545 seces
585 2493 721 2548 sideritis.
760 2493 794 2547 ln
821 2512 875 2567 qus
897 2492 1028 2569 'lectione
1051 2492 1109 2548 duo
1136 2504 1215 2565 sunt,

288 2604 362 2661 quae
378 2602 423 2639 mc
441 2583 603 2640 offendant:
619 2603 710 2639 unum
728 2605 810 2663 quum
828 2594 991 2656 cognoseat,
1009 2587 1089 2659 quod
1108 2588 1150 2642 its
1168 2589 1216 2643 sd·

289 2679 384 2733 ditum
405 2685 468 2743 est,
486 2676 570 2751 qussi
590 2676 641 2743 l’.⁸
671 2687 817 2755 antequam
835 2684 1005 2749 cognosset,
1022 2678 1078 2733 hoo
1096 2688 1147 2735 sut
1163 2682 1217 2737 illo

289 2773 375 2825 modo
395 2770 472 2825 ferre
490 2770 636 2842 potuerit3
662 2772 795 2837 alterum,
815 2771 894 2844 quod
911 2770 1027 2824 Caelius
1045 2790 1124 2825 senes
1143 2776 1217 2828 dioi-

290 2868 333 2916 tes
358 2864 400 2929 (=
417 2869 564 2931 „senatum
585 2861 694 2935 quique
719 2879 766 2915 res
784 2863 930 2917 iudicentl
949 2865 1000 2924 14,
1032 2865 1063 2929 3)
1087 2863 1218 2918 couside-

192 3026 196 3029 .
291 2936 355 3008 rere
376 2953 442 3006 uult
463 2972 524 3007 non
542 2952 637 3007 solum
657 2953 810 3027 „quidnam
828 2973 851 3008 r.
871 2973 899 3028 p.
919 2953 1052 3007 futurum
1069 2962 1166 3022 esset,
1192 2957 1218 3011 si

291 3045 323 3102 P.
340 3074 378 3088 -
396 3048 526 3101 cureretl
545 3045 638 3121 (quod
654 3046 880 3120 locupletiorum
905 3046 1053 3101 hominum
1073 3065 1143 3102 osne
1159 3068 1217 3105 ms-

193 3212 196 3217 *
292 3139 368 3193 xime
385 3141 562 3208 interesset),
577 3139 628 3193 sed
638 3140 734 3203 etiam,
753 3140 1019 3213 „quemadmodum
1035 3140 1114 3213 quod
1130 3141 1161 3195 in
1177 3159 1220 3197 so-

290 3240 362 3285 nstu
382 3240 478 3286 sctum
497 3239 590 3298 essct,
617 3234 637 3286 l.
658 3238 754 3296 esset,
780 3252 807 3305 q.
827 3238 1004 3304 cognossem.
1042 3233 1076 3286 ln
1093 3233 1153 3288 llld.
1174 3241 1220 3289 est

293 3341 466 3391 cognoscam.
519 3323 615 3389 Quare
640 3330 721 3377 certe
748 3324 792 3376 sic
815 3324 999 3378 scribendum
1026 3323 1099 3378 fuit:
1133 3327 1165 3392 Q.
1185 3358 1221 3371 -

294 3415 347 3479 sit,
377 3433 459 3490 queem
480 3433 643 3484 cognoscam
662 3419 734 3482 (sm,
764 3416 910 3479 scritamlz
930 3417 1060 3491 quidnam
1078 3443 1113 3458 ···
1132 3425 1221 3479 curet,

293 3523 346 3559 sios
369 3532 404 3545 -
422 3506 559 3559 sideritis.
596 3504 641 3557 Cf.
670 3522 714 3576 sq.
736 3521 780 3576 ep.
803 3508 863 3573 (14)
883 3510 899 3571 §
917 3511 953 3569 2,
982 3504 1035 3557 uhi
1054 3504 1087 3559 C.
1105 3507 1220 3569 scribit,

297 3595 534 3670 quemadmodum
561 3594 592 3650 P.
617 3595 694 3650 illud
712 3595 814 3650 ferret:
841 3595 912 3666 „Cn
936 3596 968 3651 P.
987 3626 1024 3638 —
1042 3597 1221 3659 tradiderit!

296 3687 355 3742 Sed
373 3693 500 3742 remanet
517 3687 633 3753 uitium,
654 3689 732 3762 quod
749 3689 838 3744 habet
855 3697 1015 3760 cognoscat.
1050 3692 1152 3766 Neque
1171 3711 1220 3748 ue-

295 3797 328 3834 ro
348 3779 434 3834 facile
452 3779 484 3833 in
510 3779 562 3833 illu
581 3781 703 3835 duorum
727 3782 937 3861 sententiosum
957 3784 1141 3857 oppositione
1158 3803 1220 3840 ver·

293 3872 364 3925 bum
391 3872 491 3927 deesse
516 3879 633 3944 potest,
665 3874 743 3948 quod
769 3877 903 3949 sequenti
928 3894 999 3945 „uos
1018 3907 1055 3920 -
1071 3878 1222 3935 sideritis‘'

296 3965 477 4038 respondent.
515 3965 611 4019 Aliter
628 3972 673 4019 est
690 3968 754 4027 Ast.
772 3967 816 4035 V,
846 3972 880 4034 4,
912 3974 944 4021 33
975 3969 1037 4038 „lie
1052 3977 1154 4025 nostro
1175 3971 1221 4024 iti·

297 4075 377 4123 nere,
395 4062 468 4129 quod
484 4056 682 4127 [scribendum
700 4074 764 4111 esse
778 4078 857 4133 quom
871 4061 920 4113 uel
936 4060 1087 4133 sequentia
1102 4061 1222 4117 docent:

295 4149 372 4205 bello
397 4150 448 4205 clii
467 4151 648 4224 seripserunt
665 4151 742 4221 quid]
763 4158 912 4220 statuer03
941 4150 977 4204 de
1003 4151 1031 4204 V
1055 4152 1222 4225 praefectis,

298 4241 370 4313 quid
386 4241 416 4294 Ρ.
438 4241 570 4296 facturus
585 4242 642 4311 sit,
653 4256 741 4318 'quom
763 4261 797 4296 ex
815 4244 879 4317 ipso
898 4262 1044 4315 cognoro,
1069 4245 1172 4300 fariam
1190 4253 1224 4300 ut
