3000 4875
362 366 386 437 2

295 574 369 637 sino
390 569 460 636 ulla
480 571 727 657 deprauationis
757 581 835 635 nota
863 569 1022 635 retinuit:
1051 579 1100 635 tot
1121 567 1225 634 falsas
1247 589 1325 635 con·

295 691 438 754 iecturas
466 690 538 773 ipse
572 688 671 767 fecit,
706 687 870 752 interdum
900 688 1000 752 etiam
1030 688 1065 749 iu
1087 698 1246 751 contextu
1268 709 1327 772 po·

295 806 380 870 suit:
419 807 583 870 totnonis
613 804 755 869 aliorum
786 803 1057 891 probabilibusue
1084 801 1328 890 suspicionibus

294 922 398 988 falsas
422 925 572 987 minusue
594 913 785 1007 probabiles
808 923 1011 1008 anteposuit:
1044 932 1093 985 tot
1112 921 1252 1007 denique
1276 919 1326 985 lo·

295 1057 407 1105 corum
428 1042 590 1104 rationem
609 1039 819 1104 distinctione
840 1039 901 1103 su'a
917 1037 1106 1103 obscurauit
1125 1051 1223 1124 atquo
1242 1022 1325 1102 adeo

295 1177 361 1221 non
384 1178 461 1221 raro
489 1153 706 1242 perturbauit.
758 1155 871 1236 Haec,
893 1177 978 1242 quae
1001 1155 1104 1233 infra,
1134 1155 1240 1241 quoad
1267 1154 1327 1218 bu·

293 1274 436 1338 iusmodi
458 1272 569 1338 libelli
588 1276 673 1338 ratio
694 1275 859 1359 patietur,
897 1270 1031 1359 singula
1061 1270 1225 1357 exemplis
1251 1290 1328 1355 pro·

293 1390 374 1456 bare
405 1388 568 1466 conabor,
607 1409 674 1451 non
698 1392 733 1452 io
763 1409 837 1452 eam
867 1391 1062 1451 seutentiam
1093 1389 1186 1465 dico,
1219 1397 1256 1449 ut
1284 1386 1326 1449 de

293 1507 420 1570 meritis
458 1501 580 1568 Orellii
619 1502 774 1568 laudibus
806 1503 982 1589 quidquam
1011 1504 1191 1568 detractum
1223 1502 1327 1567 uelim

293 1624 402 1706 (cuius
432 1618 475 1686 U.
504 1618 548 1684 D.
588 1622 677 1685 curis
710 1618 877 1684 Tullianis
909 1640 990 1706 ego,
1029 1621 1084 1705 qui
1112 1641 1133 1684 a
1165 1621 1326 1684 rrraiorum

291 1737 567 1803 bibliothecarum
597 1736 762 1812 thesauris
783 1737 883 1824 longe
906 1749 1051 1801 remotus
1075 1749 1268 1823 sumatque
1291 1739 1326 1800 in

294 1857 456 1941 exiguam
485 1857 613 1941 copiam
645 1876 793 1919 meorum
823 1867 856 1918 et
887 1853 1020 1919 scholae
1041 1853 1262 1939 Uiburgensis
1287 1852 1327 1916 li·

292 1971 427 2037 brorom
448 1972 619 2053 redactus,
651 1992 725 2037 mea
748 1973 858 2037 studia
881 1971 1020 2037 multum
1041 1970 1161 2036 debere
1184 1970 1327 2036 libenter

290 2088 484 2176 profiteor),
516 2111 602 2170 non,
632 2092 787 2176 inquam,
821 2107 861 2153 eo
891 2088 974 2154 baec
999 2091 1035 2153 iu
1061 2087 1191 2155 Orellio
1215 2111 1327 2174 repre·

292 2208 421 2285 hendo,
443 2208 501 2271 aed
525 2209 603 2294 quia
624 2210 744 2288 miror,
774 2228 874 2293 quum
895 2209 929 2271 in
952 2210 1070 2272 ceteris
1094 2205 1263 2271 Ciceronis
1286 2205 1327 2270 li·

290 2323 361 2388 bris
385 2325 597 2389 emendandis
618 2337 695 2410 post
717 2324 922 2412 diuulgatam
946 2326 1102 2388 maiorem
1117 2322 1239 2386 Orellii
1258 2324 1327 2387 edi·

290 2443 416 2505 tionem
440 2424 508 2502 tam
532 2441 629 2501 multi
650 2444 715 2503 uiri
737 2444 825 2503 docti
846 2442 1057 2518 elaborarint‚
1082 2444 1246 2504 neminem
1268 2442 1326 2505 ad·

291 2555 369 2634 huc,
391 2553 479 2640 quod
501 2556 626 2632 sciam,
648 2555 797 2618 criticum
822 2552 1076 2637 (Billerbeokios
1100 2576 1141 2619 ue
1169 2575 1234 2641 ego
1255 2558 1326 2642 qui-

291 2672 366 2736 dem
388 2671 509 2754 moror)
529 2672 592 2734 uisi
613 2672 648 2734 in
670 2682 859 2737 transcursu
882 2669 1103 2757 Epistularum
1126 2673 1328 2738 entendatio·

291 2808 368 2852 nem
387 2789 555 2875 attigisse:
590 2791 684 2873 quasi
711 2808 793 2854 uero
822 2786 886 2852 hae
906 2808 973 2853 noa
997 2788 1136 2859 multum
1159 2790 1326 2855 entendari

292 2917 433 2989 queant,
455 2906 520 2969 nisi
541 2900 734 2970 melioribus
758 2905 937 2985 codicibus,
963 2927 1059 2991 quam
1077 2905 1220 2972 Medicei
1238 2922 1326 2988 sont,

290 3023 327 3083 in
358 3020 467 3086 lucem
495 3024 687 3108 protractis3
718 3040 795 3087 nam
817 3023 988 3111 indignas,
1016 3027 1049 3087 in
1079 3024 1198 3111 quibus
1222 3047 1327 3112 expo·

290 3135 412 3201 liendis
441 3137 518 3223 plus
547 3160 667 3225 operae
689 3153 850 3225 ponatur,
885 3161 951 3204 non
973 3141 1070 3205 credo
1092 3144 1243 3227 cuiqnam
1268 3142 1326 3206 bo·

290 3255 373 3318 mini
402 3257 607 3342 antiquitatis
643 3271 928 3322 monumentorum
965 3256 1115 3322 studioso
1151 3278 1190 3322 ao
1218 3260 1325 3341 perito

295 3371 464 3439 Ciceronis
490 3373 659 3460 Epistulas
688 3394 787 3461 posse
815 3375 942 3440 uideri·
985 3374 1059 3440 Hoo
1076 3377 1186 3463 igitur
1200 3396 1264 3462 ego
1284 3375 1327 3439 li·
1408 3353 1413 3369 ⁸

290 3486 403 3566 bello,
426 3503 583 3571 quantum
606 3490 680 3556 fiori
703 3495 837 3578 poterit,
861 3494 1043 3574 ostendam,
1066 3505 1209 3579 etquam
1222 3491 1326 3557 multa

292 3601 442 3667 Orelliur
464 3603 718 3668 futuro-editori
741 3607 768 3686 ¹)
802 3607 972 3690 reliquerit
1000 3630 1047 3670 ex
1076 3610 1244 3671 codicibus
1269 3612 1340 3672 out'

292 3738 338 3781 ex
368 3718 508 3782 alierum
539 3721 736 3783 coniecturis
764 3719 986 3800 emendando,
1025 3734 1059 3786 et
1093 3743 1192 3808 quam
1229 3723 1326 3789 multi

292 3835 359 3897 sint
384 3831 471 3913 loci,
507 3856 646 3921 quorum
680 3837 836 3902 uitiosum
868 3839 1063 3924 scripturam
1095 3842 1199 3927 nemo·
1220 3842 1326 3908 adhoc

292 3986 492 4004 m

334 4073 360 4140 1)
395 4074 462 4146 ipse
482 4074 606 4131 fortusse
633 4076 783 4152 Epistulas
810 4078 941 4136 editurus
962 4092 1042 4145 mm,
1073 4082 1098 4136 si
1117 4081 1204 4136 modo
1221 4083 1325 4155 peritis

396 4165 641 4227 existimatoribus
659 4187 723 4230 nes
742 4171 912 4239 emendandi
929 4173 1006 4241 ratio
1024 4173 1082 4235 crit
1098 4173 1228 4249 probata.
