3000 4875
292 355 428 446 'to

311 584 413 663 hant,
434 582 492 646 uhi
516 577 672 654 notabilis
696 581 747 644 est
768 580 802 642 in
825 578 920 648 distr.
942 578 984 642 sd
1006 592 1092 644 sent.
1112 583 1289 667 primarias
1310 601 1344 647 u.

311 698 592 774 hortamentum
625 696 772 777 Fam.1‚
802 698 825 762 ii
856 717 887 773 s,
913 697 946 775 8,
978 695 1066 783 Top.
1095 700 1149 777 29,
1177 702 1235 778 99,
1262 701 1345 786 Rep.

311 815 356 896 11,
376 819 430 894 22,
454 818 516 894 893
540 815 633 880 Fons.
658 813 719 893 ΙΙΙ,
743 817 796 892 11,
819 816 853 892 2,
875 811 932 877 uhi
957 834 1003 876 ex
1025 813 1066 877 L.
1091 818 1177 878 coni.
1199 816 1346 881 scriben-

311 935 408 997 dum:
435 931 473 995 U.
496 952 537 997 ea
561 941 611 997 est
629 937 786 996 maiestas
810 929 861 1015 [in
874 928 944 994 Mo.
962 947 1002 994 ca
1024 943 1099 995 ente
1121 940 1172 995 est
1188 932 1345 1018 excidit],

311 1059 349 1114 ot
375 1047 473 1112 Sulla
498 1046 586 1135 [Mt.
612 1054 679 1112 etsi
697 1049 777 1112 silla
797 1061 918 1133 sprscr.
949 1068 989 1121 εις
1034 1070 1133 1133 quom
1159 1045 1211 1111 his
1240 1051 1344 1133 scrip·

310 1159 553 1244 tamenetsi,
577 1186 642 1229 non
659 1168 793 1239 mirum,
817 1166 846 1228 si
868 1173 905 1228 ut
925 1166 960 1227 in
983 1174 1018 1228 et
1039 1166 1253 1251 deprecatum
1275 1164 1344 1251 est]

229 1345 231 1348 .
309 1286 435 1362 coluit,
466 1291 503 1347 ut
528 1279 616 1369 [ihi.
643 1302 685 1346 ne
704 1283 897 1347 confusione
927 1283 961 1344 in
991 1282 1063 1345 cdd.
1094 1304 1160 1346 non
1192 1285 1239 1346 its
1258 1303 1345 1361 corn,

311 1416 347 1465 ut
369 1400 435 1478 IX,
459 1403 512 1477 19,
532 1401 564 1477 2,
588 1397 646 1462 ubi
666 1420 729 1485 ego
757 1421 817 1482 pro
846 1417 905 1480 „ne
927 1396 1062 1462 ltrtheot⁴¹
1090 1397 1199 1463 scribo
1223 1408 1262 1462 ot
1280 1398 1343 1485 Ιι.,]

309 1553 351 1570 -
374 1517 508 1588 licere&
542 1513 682 1578 ambitus
706 1535 785 1577 uero
809 1519 859 1576 s'ta
882 1513 1062 1592 -habet,
1092 1525 1130 1580 ot
1154 1550 1195 1566 -
1227 1515 1343 1592 defen·

310 1635 430 1710 datter,
452 1653 550 1718 quem
573 1631 836 1695 emendationem
854 1632 1009 1715 optimam
1025 1630 1085 1696 Or.
1109 1655 1207 1719 quum
1229 1637 1344 1696 ernen-

309 1752 383 1815 dari
404 1748 508 1814 uellet
529 1748 722 1815 scribendos
758 1747 796 1811 U.
819 1782 861 1798 -
882 1768 947 1828 ot„
980 1757 1016 1812 et
1036 1755 1086 1813 sic
1108 1749 1205 1814 Sulla
1228 1771 1284 1828 rc,
1306 1758 1346 1814 ut

310 1876 391 1946 coh,
423 1869 494 1953 ipse
526 1866 741 1951 depremit,
775 1867 895 1951 quippe
928 1886 1026 1950 quom
1048 1868 1097 1931 sio
1118 1865 1272 1932 Ciceroni
1294 1868 1343 1931 ‹ii-

310 1985 450 2051 cendum
483 1984 602 2048 suerit:
634 2003 676 2046 nt.
707 1983 777 2066 (tic
799 1980 837 2046 S.
858 1981 930 2065 sc),
964 1992 1003 2046 st
1023 2017 1064 2033 -·
1088 1986 1209 2064 liccat,
1241 1987 1277 2048 in
1297 1984 1339 2048 L.

307 2105 437 2166 ratione
459 2114 549 2165 recte
570 2109 607 2164 ut
629 2133 671 2151 ·-
694 2102 812 2164 liceret
838 2118 885 2162 ex
909 2103 1074 2166 sententio
1098 2100 1135 2166 S.
1156 2104 1265 2166 uoluit
1284 2124 1343 2188 per

308 2228 347 2285 ret
369 2240 503 2291 annexa
524 2216 677 2303 pendeat.
702 2251 741 2267 -
765 2216 890 2287 Eodem
915 2238 1015 2300 opero
1036 2218 1159 2285 similis
1182 2219 1343 2288 nonnullo

307 2340 342 2402 in
380 2349 563 2424 temporum
597 2333 660 2398 nso
692 2334 775 2398 uitis
799 2332 926 2399 tollam.
970 2336 1041 2400 Ao.
1064 2336 1132 2411 XI,
1156 2340 1209 2417 15,
1230 2341 1262 2418 t,
1284 2335 1341 2402 uhi

310 2453 370 2522 Or.
394 2477 441 2518 ex
464 2450 606 2517 Corradi
627 2453 712 2515 coni.
735 2454 867 2537 scripsit
889 2474 984 2539 prtum
1008 2489 1046 2506 -
1066 2462 1186 2540 possit,
1209 2459 1244 2521 in
1266 2455 1339 2521 cdd.

308 2571 397 2633 notis
416 2579 505 2632 recte
528 2578 596 2630 est:
620 2574 751 2650 possct3
786 2567 1036 2648 diciturenim,
1066 2592 1123 2635 cur
1152 2594 1275 2657 „genus
1298 2608 1341 2625 ·-
1476 2560 1477 2621 ἶ

309 2683 487 2750 eiusmodi‘
509 2684 621 2748 fuerit.
684 2682 778 2747 Pan.
802 2681 864 2762 vl,
884 2687 916 2762 9,
939 2687 961 2749 2
984 2707 1026 2749 ex
1048 2688 1164 2753 eodem
1188 2691 1341 2778 pelimps.

308 2801 436 2882 Taun,
459 2803 511 2866 cui
533 2805 552 2881 ς
574 2802 594 2863 l
616 2796 756 2864 debetur
776 2800 868 2863 nullo
891 2809 949 2880 st,
979 2802 1187 2870 scribendum
1209 2808 1339 2874 habits·

300 2941 364 2984 rus
389 2939 449 2983 es:
471 2938 518 2982 ex
541 2915 611 2981 Md.
635 2915 739 3002 uolgo
761 2915 902 3001 legitur}
935 2915 967 2982 h.
993 2940 1097 2998 οσσους
1129 2926 1339 3012 εεά,ηιιιιιιι

307 3034 517 3122 hypothetice
541 3030 749 3097 scribendum
771 3031 834 3096 tuit
854 3032 886 3096 h.
909 3055 985 3099 cros
1005 3051 1062 3101 aut
1082 3038 1236 3122 haberes,
1269 3054 1339 3108 tom

308 3174 350 3216 ns
373 3148 565 3235 hypothesis
586 3149 718 3235 quidem
737 3150 773 3212 in
794 3148 881 3214 huno
900 3151 1009 3217 locum
1031 3161 1198 3222 conuenit.
1248 3159 1338 3226 idern

305 3271 426 3333 uitium
441 3267 513 3334 Ao.
528 3267 573 3348 V,
590 3269 642 3347 18,
652 3268 686 3344 2,
698 3265 756 3330 ubi
767 3286 812 3330 ex
827 3266 898 3332 Md.
919 3268 1060 3357 legitur:
1082 3281 1181 3339 sociis
1201 3311 1240 3327 -
1256 3275 1340 3346 fide·
1476 3258 1477 3265 ἵ

306 3385 445 3450 It'oribus
477 3390 617 3465 utimur,
647 3403 742 3469 qoam
771 3362 945 3470 putoquam
979 3409 1057 3454 scits
1086 3401 1190 3470 esset,
1220 3396 1255 3457 in
1288 3394 1339 3459 cd.

307 3503 429 3568 Faerni
452 3517 635 3569 correctum
661 3514 723 3581 est,
746 3505 803 3588 qui
823 3505 914 3588 ew)
937 3504 1091 3573 habebnt.
1142 3507 1239 3585 Quod
1264 3509 1338 3585 Or.,

306 3632 343 3680 ut
373 3626 460 3681 esset
481 3618 647 3697 defendat,
676 3620 717 3682 de
746 3640 807 3684 suo
831 3625 970 3689 assumit
1003 3626 1128 3705 „minus
1160 3648 1257 3711 quam
1277 3648 1338 3692 nos

306 3805 507 3821 1-—

410 3931 481 3977 nos,
500 3910 534 3977 C,
554 3915 568 3964 1
588 3911 726 3965 distracti
751 3941 786 3954 -
815 3932 889 3985 poss.
909 3924 939 3972 et
963 3921 981 3972 3
1004 3921 1033 3976 si
1056 3922 1259 3993 distraheretur)
1286 3935 1337 3981 aut

409 4021 462 4060 not
478 4008 555 4059 into·
573 4020 624 4058 scos
641 4000 815 4072 scripsisset.

352 4094 377 4161 ¹)
412 4096 473 4149 Att.
492 4095 516 4161 1,
536 4091 788 4161 recutitus
810 4098 930 4173 scripsit
949 4112 1008 4168 est,
1025 4105 1058 4161 in
1076 4124 1102 4173 s,
1120 4108 1180 4165 ihi.
1200 4109 1274 4167 mele
1292 4116 1336 4166 oct

411 4195 492 4243 esset.
