3000 4875
1063 391 1136 464 109

258 600 341 665 lbid.
361 607 379 685 ς
402 600 648 684 Ἠφιῑεφεῖῐαῑ.
693 599 767 686 Ego
797 596 926 663 scribo:
958 601 1197 683 interpellarit,

166 728 202 780 ot
224 718 265 782 de
288 739 324 782 re
346 720 542 803 proeterito3
582 738 689 804 neque
711 719 800 781 enirn
822 736 998 800 praesens,
1028 717 1116 803 quod
1138 741 1200 785 uo·

165 847 259 913 cent,
296 833 489 900 historicum
519 834 553 898 h.
582 833 607 898 l.
636 848 748 918 aptum
773 846 834 898 est.
880 832 986 900 Paulo
1007 847 1102 918 post,
1138 836 1197 902 ubi

164 948 223 1015 Or.
244 954 396 1042 scripsitz
431 954 471 1017 In
494 951 637 1016 Kalend.
656 950 744 1039 [res]
768 953 891 1016 reiecto
913 952 1000 1030 estt,
1031 972 1094 1038 ego
1116 956 1197 1018 sori·

162 1065 228 1131 bo:
251 1069 294 1149 ,L
309 1067 352 1133 K.
372 1091 398 1136 r.
419 1089 472 1132 res
495 1068 561 1133 esd
573 1093 581 1132 ε
614 1069 655 1133 de
678 1091 741 1156 qno
766 1089 822 1132 un.
845 1067 961 1132 ordine
982 1068 1059 1133 uide
1081 1067 1196 1136 Medo.

165 1184 206 1248 nd
228 1185 302 1249 Fin.
322 1184 368 1264 V,
390 1188 444 1266 29,
464 1188 518 1266 so,
545 1187 636 1251 Fam.
664 1184 758 1265 VIII,
778 1188 811 1266 8,
834 1187 856 1248 4
878 1184 1000 1267 (actum
1025 1184 1110 1249 nihil
1134 1190 1199 1273 est)

166 1301 242 1381 VII,
267 1306 319 1382 17,
349 1306 372 1366 2
392 1301 534 1389 (mutato
554 1307 639 1369 ratio
660 1305 724 1387 est)
748 1304 813 1382 IX,
837 1304 890 1380 lo,
910 1304 933 1366 7
954 1303 1054 1385 (nono
1072 1317 1198 1370 mutata

163 1439 217 1483 res
243 1425 319 1500 ost),
343 1418 613 1500 Atr.vt11,1o‚
636 1424 678 1484 2ι
708 1419 820 1506 „uide,
843 1440 941 1505 quarn
962 1440 1122 1485 conuerso
1143 1443 1198 1488 res

164 1537 230 1601 est*
255 1537 308 1620 (L.
328 1548 417 1603 recto
441 1541 503 1610 etn-
542 1537 582 1606 cf.
605 1560 681 1602 ann.
702 1537 744 1601 ad
768 1534 923 1616 F.v111‚
945 1538 978 1615 3,
1000 1538 1047 1620 3).
1093 1538 1137 1616 Q.
1157 1541 1197 1606 F.

101 1750 104 1754 1
167 1651 220 1733 11,
241 1656 282 1732 2,
300 1656 344 1732 3,
369 1653 427 1718 ubi
445 1675 488 1719 ex
512 1657 647 1742 antiqno
671 1653 779 1739 suppl.
800 1672 888 1717 nunc
911 1665 979 1720 est:
1009 1690 1069 1741 Γ
1093 1680 1147 1723 res
1169 1682 1198 1726 c.

167 1782 320 1837 extracto
347 1772 432 1851 estt,
475 1770 545 1838 Cic.
572 1773 645 1838 siue
678 1770 779 1837 dnbio
815 1773 965 1857 scripsit:
1007 1796 1054 1856 ,o
1085 1797 1114 1840 e.
1145 1797 1198 1842 rer

166 1899 227 1950 est.
240 1888 265 1971 ¹)

125 1981 127 1984 ¹
258 2001 342 2068 thid.
374 2003 434 2070 Or.
462 2003 577 2089 leue²)
602 2003 685 2068 illud
710 2005 858 2090 quidem,
892 2006 951 2069 sed
973 2006 1106 2073 foedum
1128 2007 1198 2074 Md.

167 2121 320 2185 mendum
351 2124 513 2188 restituit:
546 2122 810 2209 „relinquendum
842 2120 903 2186 tibi
927 2125 1009 2203 erit,
1046 2128 1102 2211 qni
1124 2147 1198 2211 pro·

165 2240 307 2303 uincianr
337 2238 512 2305 obtinent.“
559 2239 676 2327 Neque
704 2241 911 2326 relinquere,
952 2252 989 2304 ut
1020 2242 1093 2306 unit
1124 2243 1195 2323 Or,

165 2367 216 2419 est
238 2362 290 2440 „in
311 2356 417 2421 medio
445 2356 633 2445 relinquere
662 2371 761 2445 etque
783 2356 975 2441 ignorord',
1011 2380 1117 2446 neque
1142 2359 1196 2426 ob-

164 2477 289 2551 tineot,
312 2487 349 2537 ut
371 2475 459 2539 idem
483 2474 662 2540 credidisse
686 2475 835 2554 uidetur,
866 2478 1092 2559 „successione
1114 2479 1197 2542 noci-

167 2590 251 2674 piat⁴
275 2591 332 2674 (of.
356 2589 449 2657 Mdu.
471 2592 512 2657 nd
534 2593 607 2656 Fin.
629 2591 662 2656 11
682 2597 701 2673 ἦ
721 2593 796 2676 ’7113
832 2604 865 2655 et
889 2604 1000 2658 tamen
1023 2595 1198 2661 dicendum

166 2708 230 2771 fuit
251 2714 342 2792 quis,
374 2730 441 2774 non
465 2716 525 2795 quc·
545 2710 603 2782 (cf.
622 2731 699 2773 ann.
724 2711 765 2773 od
787 2707 856 2787 VI,
885 2712 924 2788 2,
952 2711 997 2793 1).
1046 2708 1197 2778 Coelium

166 2825 355 2908 scripsisse,
377 2836 413 2889 ut
436 2825 539 2911 uulgo
561 2824 754 2913 legebatur:
792 2826 1026 2909 relinquendos
1044 2863 1084 2881 -
1108 2828 1199 2894 obti-

166 2952 242 3006 neat
264 2940 313 3025 (oz
346 2941 573 3022 administret,
595 2943 637 3008 of.
658 2946 697 3023 8,
729 2941 783 3028 9)”
812 2933 955 3007 classant
974 2964 1047 3030 sqq.
1094 2943 1197 3028 ,Nnnr

164 3080 231 3123 non
255 3060 334 3124 cet.¹¹
382 3058 433 3125 Cf.
464 3061 645 3126 decadem
673 3083 710 3125 re
736 3060 807 3125 Ast.
834 3060 902 3139 vl,
934 3063 977 3141 4,
1008 3065 1046 3127 1:
1079 3063 1197 3147 „relin-

166 3177 313 3262 quendus
338 3191 408 3243 erat
438 3200 485 3243 ex
514 3193 584 3244 soto
614 3182 670 3266 qui
696 3180 900 3262 (prouinciae
925 3181 1095 3263 usquead
1125 3202 1199 3246 sne·

166 3295 361 3375 cessionem)
386 3296 581 3378 proeesset.¹⁴
1053 3336 1057 3343 ·

258 3410 320 3494 Ep.
347 3412 389 3473 1⁰
424 3414 443 3490 ς
465 3413 497 3472 1.
517 3429 580 3493 per
606 3409 860 3492 Commagenen.
908 3404 999 3493 Lege
1018 3428 1081 3492 per
1107 3410 1199 3476 Com·

165 3545 335 3614 magenes.
382 3524 517 3591 Nomio.
539 3546 614 3589 esse
638 3527 855 3608 Commagene
877 3535 992 3587 notum
1024 3536 1086 3588 est.

257 3643 341 3708 ibin.
364 3647 383 3723 ἦ
406 3645 439 3708 2.
485 3640 762 3730 Distinguebator
786 3652 863 3705 ante
886 3639 945 3706 Or.
968 3653 1075 3708 recte:
1099 3641 1198 3727 „latet

210 3871 234 3938 ι)
270 3867 348 3923 Liuii
367 3885 564 3943 quoquotum
578 3885 626 3923 un
644 3865 776 3922 ordinem
792 3881 855 3922 osse
868 3864 965 3922 Modo.
983 3866 1200 3934 animaduertit,

272 3959 327 4032 qui'
349 3959 381 4014 in
405 3961 475 4016 solis
500 3961 572 4016 libb.
588 3960 659 4018 XXI
682 3967 712 4015 et
729 3959 812 4017 xxn
833 3975 867 4014 ex
884 3958 964 4016 Flor.
983 3965 1028 4014 tor
1052 3960 1199 4015 restituit:

270 4057 386 4121 ,exorto
403 4068 501 4123 pugna
522 4055 590 4108 est!

208 4146 234 4212 ⁹)
272 4146 323 4208 13,
339 4146 359 4197 2
374 4143 433 4201 tto
446 4146 565 4214 fotornr
583 4165 612 4218 p.
626 4148 775 4215 sotorum,
796 4143 850 4206 111,
873 4145 908 4209 ⁰,
933 4143 1092 4200 ootsuron
1109 4160 1137 4213 p.
1156 4145 1198 4198 oi-

273 4254 364 4294 ronco.
