3000 4875
1101 366 1155 439 68

180 584 235 660 46,
255 582 278 645 5
299 574 503 661 ,consilians
536 580 591 642 erte·
611 609 649 623 ·-
673 572 834 653 adfatim
864 574 921 638 sod
953 559 1041 639 head
1068 576 1139 640 scio
1168 597 1211 644 nu

179 701 224 762 iis
245 696 328 761 locis
350 693 465 780 quibas
486 706 520 757 ct
542 713 628 757 coar.
651 692 755 770 dotiui
779 702 867 755 sunt.
913 690 969 760 Ex
996 689 1141 773 Tacit0‚.
1155 696 1212 781 qui

181 828 303 892 tumen,
318 826 354 876 ut
375 832 488 876 ornnes
504 814 681 895 scriptores
698 810 909 895 posteriores,
930 813 1211 896 praepositionum

180 933 394 997 omissionem
419 942 518 1007 amet,
538 950 601 1014 ego
624 927 749 992 nullutn
774 926 884 990 locon
902 930 1054 1010 enotaui,
1078 927 1136 992 uhi
1157 951 1211 1011 ,re

180 1049 316 1114 abesset
348 1047 539 1133 legeretur3
570 1067 677 1131 neque
699 1044 856 1109 Eckstein
886 1046 933 1118 (in
957 1044 1028 1108 lnd.
1050 1046 1139 1110 Ado.
1158 1048 1209 1111 ed.

180 1164 329 1240 Walrh.)
351 1158 455 1228 ullurn
481 1163 597 1228 laudat
617 1159 1013 1237 nisi-Diol.de0rnt.15,
1042 1162 1101 1225 ubi
1123 1175 1209 1229 nnuc

179 1282 320 1368 legitur;
352 1281 480 1363 ,Graiis
502 1282 674 1358 accidisse,
707 1291 743 1341 ut
767 1276 900 1363 longius
922 1276 1010 1340 adsit
1037 1275 1209 1364 [qnoniam

180 1402 215 1463 in
240 1400 291 1463 cd.
314 1396 420 1483 Neap.
445 1399 487 1461 nr.
510 1401 540 1460 1.
572 1398 700 1471 (Foru.)
722 1406 773 1458 est
795 1393 941 1471 adiceret,
970 1416 1027 1457 cur
1050 1417 1115 1460 non
1137 1411 1212 1483 post

180 1516 343 1581 accidisse
356 1516 480 1599 legitur
500 1511 667 1600 abeonae]
690 1512 858 1576 Aeschine
881 1524 913 1573 et
933 1510 1030 1575 Deru.
1057 1549 1090 1560 -
1111 1512 1211 1580 Nice.

180 1647 232 1700 tes
260 1669 309 1711 —,
340 1655 437 1718 quoru
468 1633 551 1697 Afer
579 1670 612 1679 -
639 1644 696 1695 aut
723 1651 783 1693 nos
810 1666 843 1676 -
869 1651 890 1693 a
912 1626 982 1698 Cio.
1007 1644 1063 1694 sut
1085 1632 1126 1702 ab
1148 1634 1210 1698 As.

180 1750 390 1831 recesserim
414 1772 476 1836 ego
499 1750 666 1813 excidisse
690 1746 731 1811 ab
752 1760 828 1810 unte
850 1748 915 1813 Ae.
930 1749 1090 1833 suspicor,
1114 1772 1209 1835 prae·

180 1870 292 1931 sertim
319 1890 417 1954 quum
437 1880 593 1953 sequatur
615 1889 654 1949 ,a
676 1864 746 1929 Cic.
771 1902 804 1911 —
830 1866 970 1927 recessu
1014 1867 1112 1952 Apud
1127 1870 1210 1932 Sue·

181 1988 306 2048 touiurn
338 1984 451 2059 (Caes.
478 1986 534 2058 42)
565 1996 633 2048 est:
668 1982 773 2047 Italia
804 1978 940 2044 adesset.
998 1980 1053 2045 Ex
1090 1988 1209 2049 ceteris

179 2123 298 2187 prosae
325 2116 408 2165 orat.
430 2098 646 2186 scriptoribus
668 2121 705 2162 re
733 2096 846 2161 adesse
870 2119 975 2184 neque
997 2098 1112 2164 Lexx.
1135 2124 1208 2168 urea

179 2240 287 2304 neque
312 2218 404 2282 Iudd.
427 2218 572 2281 laudant.
622 2217 675 2280 Ex
691 2215 814 2279 Ouidio
832 2215 993 2280 Scheller.
1015 2230 1047 2281 et
1067 2220 1210 2285 Freund.

180 2334 303 2424 habent
328 2336 421 2400 Retro.
444 2336 520 2400 Ant.
542 2336 625 2400 77⁴:
648 2344 748 2408 (utino
771 2335 870 2395 etiarn
892 2333 988 2395 Pont.
1010 2333 1071 2413 IV,
1094 2340 1146 2416 1⁰,
1166 2342 1212 2401 69

179 2450 319 2536 legitur:
349 2453 544 2533 „Abiuirnus
566 2450 665 2515 solito
691 2486 725 2497 -
750 2448 912 2526 dolor·e¹‘):
935 2423 975 2515 de
993 2450 1130 2539 reliquis
1151 2477 1210 2540 po·

179 2571 243 2634 etis
272 2569 383 2633 silent.

262 2688 323 2772 Ep.
332 2691 374 2750 lo
395 2691 412 2766 ς
425 2690 447 2749 θ
462 2670 863 2772 prosoloecofrtactarum
875 2708 919 2750 ex
931 2690 1117 2754 necessaria
1126 2713 1211 2756 corr.

180 2808 314 2890 antiqua
335 2803 542 2868 scribendum
559 2804 729 2880 structum.
778 2802 938 2869 Oratione
957 2818 1046 2869 recta
1064 2805 1133 2870 Cic.
1162 2811 1211 2874 sio

181 2923 383 3004 scripsisset:
404 2957 459 3002 ,-
485 2922 514 2983 si
534 2956 578 2970 ·-
598 2920 770 3006 profecero
794 2956 847 2994 -,
884 2956 919 2969 -
947 2942 1004 2984 ero
1023 2938 1211 3001 essecutus:

179 3043 230 3104 sin
256 3075 292 3086 -
317 3037 495 3115 noluerint,
522 3072 565 3087 -
596 3059 652 3101 ero
668 3038 836 3116 frenetur&
892 3038 972 3118 Sed,
990 3044 1122 3105 tametsi
1142 3064 1209 3108 non

178 3158 295 3222 desunt
319 3157 394 3236 loci,
416 3156 473 3220 ubi
495 3159 542 3220 sic
566 3180 623 3242 pro
647 3155 856 3246 asscriptum
878 3160 1017 3223 siturus
1039 3159 1091 3244 (of.
1114 3162 1152 3226 F.
1163 3162 1211 3239 X,

177 3278 231 3357 21,
257 3278 279 3338 2
310 3273 380 3338 Md.
410 3273 594 3338 deliberare
616 3298 647 3360 p.
670 3274 837 3354 delibare,
865 3279 919 3356 25,
947 3282 965 3341 l
999 3283 1209 3343 enutritorem

178 3413 211 3477 p.
225 3395 417 3467 nouitatem,
441 3389 542 3469 XVI,
555 3392 641 3468 122
662 3391 816 3455 destituti
824 3394 849 3475 ¹)
874 3416 905 3478 p.
919 3393 1044 3471 destiti,
1064 3393 1113 3472 X,
1124 3398 1211 3473 11,2

232 3677 257 3746 ¹)
283 3677 316 3731 F.
338 3675 465 3740 vute,
485 3679 499 3727 1
528 3673 579 3728 0r.
602 3692 637 3729 ex
657 3674 744 3730 Goon.
766 3676 845 3749 ¹coni.
874 3677 917 3731 sic
938 3678 1069 3753 scripsit:
1094 3680 1208 3752 „Certe‚

281 3770 411 3844 inqmm,
430 3768 581 3823 absolutus
608 3775 668 3838 est3
701 3788 747 3824 me
779 3774 810 3825 in
834 3791 866 3826 re
889 3777 1038 3843 praesenti
1070 3774 1141 3844 [Md.
1166 3796 1209 3832 ere

280 3864 528 3934 repraesentante]
555 3863 774 3935 pronuntiatum
801 3871 854 3934 est,
884 3874 916 3919 ct
939 3867 1055 3940 quidem
1075 3870 1207 3924 omnihus

282 3955 434 4009 ordinibus
454 3962 483 4009 et
502 3955 626 4027 singulis
644 3955 677 4008 in
696 3974 723 4009 ru
744 3957 846 4013 ordine
864 3961 1041 4014 sententiirt.
1081 3962 1144 4030 Ego
1164 3961 1206 4013 sic

283 4047 378 4101 scribo
398 4055 428 4102 et
444 4048 607 4120 distinguor
626 4047 731 4118 ,certe
747 4078 785 4093 ·-
801 4056 845 4104 est
862 4053 921 4117 (roc
937 4051 1208 4122 †'ropreeoentontc

281 4157 310 4209 p.
329 4144 376 4208 e),
395 4148 426 4196 et
441 4159 469 4214 q.
491 4144 530 4196 ab
544 4159 620 4195 onon.
640 4140 701 4199 ord.
721 4142 792 4194 cett
808 4141 904 4212 Uulgo
922 4141 963 4195 ite
981 4140 1208 4215 interpnngitur,

283 4231 365 4302 qussi
385 4237 501 4290 ordiner
518 4234 787 4313 pronuntiswintt
809 4232 905 4287 Addit·
922 4232 1039 4299 Caelius
1056 4235 1088 4290 ier
1106 4253 1208 4308 peren-
