3000 4875
1127 367 1153 450 ὅ,

186 598 251 662 qao
275 575 342 642 lid.
364 574 547 659 descriptus
568 585 638 653 est,
662 594 728 639 uon
749 573 889 640 multum
913 574 954 640 nb
976 576 1215 663 antiquissimis

186 693 258 758 edd.
281 673 509 779 degenerasse.
562 675 751 779 optandum
769 674 880 758 temen
898 674 1111 756 uehementer
1133 704 1215 774 erut,

184 821 222 872 ut
243 808 734 896 palimpsestns'l'auriuensis,
764 832 810 876 ex
830 827 900 897 qno.
918 821 1050 875 seruata
1070 819 1122 872 est
1144 810 1215 895 epi·

183 938 272 991 tome
293 926 354 1010 Ep.
374 931 405 992 9,
419 938 452 992 et
474 930 516 990 tt
547 927 578 1007 ᾼ
600 927 675 991 Lib.
696 927 766 1008 Vl,
786 940 876 992 totns
896 928 939 993 sd
960 948 1022 991 uos
1045 928 1215 1013 peruenis-

183 1055 251 1110 set:
272 1047 328 1131 qui
351 1044 520 1130 eliquanto
541 1048 737 1125 noouretius,
761 1067 858 1136 quent
872 1044 958 1125 Md,
989 1046 1093 1111 luisse
1111 1046 1213 1128 serip-

183 1151 238 1227 tus
259 1153 418 1235 uidetur.
997 1151 999 1154 ⁵

281 1362 364 1457 lle
392 1315 639 1490 Epistolis
676 1358 739 1457 ad
773 1363 835 1483 Q.
869 1359 1116 1460 Fratrem.

263 1559 302 1623 In
323 1557 376 1623 his
397 1557 547 1645 epistolis
563 1556 704 1622 alterum
723 1558 819 1624 illum
834 1560 885 1625 cd.
899 1556 1087 1624 Medioeum
1107 1575 1210 1621 unum

181 1698 276 1755 esse,
315 1657 372 1761 qui
395 1698 508 1741 nerum
530 1676 652 1743 habeat
673 1682 904 1744 auctoritatem
935 1678 977 1744 nd
1009 1677 1211 1741 eonstituen·

178 1795 253 1862 dam
270 1807 371 1860 totam
394 1817 508 1860 earum
531 1794 711 1864 lectionem
732 1796 883 1863 Orellius
905 1798 977 1886 ipse
1000 1797 1073 1860 iure
1094 1792 1211 1857 statuit

178 1913 302 1996 (Praei.
322 1913 364 1977 ad
384 1911 461 1979 Uol.
486 1912 546 1978 ΙΙΙ.
566 1914 604 1979 P.
629 1913 672 1979 ll.
693 1939 726 2001 p.
747 1915 896 2000 XVIII).
947 1911 1081 1980 Sollicet
1111 1905 1211 1972 dubi·

177 2033 241 2095 tari
263 2029 324 2093 uix
345 2042 474 2117 potest,
505 2032 583 2117 quiu
604 2031 664 2097 ille
687 2035 760 2120 ipse
784 2035 834 2098 od.
856 2027 1039 2097 ceterorum
1061 2030 1209 2095 omniurn

176 2145 448 2248 sitArelretypns.
496 2147 726 2219 correctiones
747 2151 820 2217 eius
841 2147 992 2218 uersibus
1008 2147 1209 2235 superscrip-

175 2278 226 2334 tas
248 2279 305 2331 ant
325 2267 360 2329 in
381 2268 530 2351 margine
554 2268 734 2354 adscriptas
756 2291 814 2351 per
828 2270 967 2352 seipsos
985 2263 1069 2329 nihil
1082 2261 1207 2325 hebere

175 2384 381 2449 auctoritatis
401 2383 473 2447 dixi
495 2386 630 2448 innon.
651 2386 693 2450 ad
711 2387 803 2450 Fam.
829 2383 874 2463 ΙΙ,
897 2387 949 2457 17,
969 2385 992 2446 Ἰ
1022 2383 1126 2464 (unt,
1147 2375 1207 2442 nbi

174 2503 216 2566 de
239 2500 284 2577 Q.
307 2500 345 2565 F.
368 2497 413 2577 ll,
433 2502 466 2576 7,
497 2497 568 2562 let
588 2498 650 2579 ΙΙΙ,
672 2503 705 2572 l,
729 2504 769 2564 ll
791 2498 980 2584 disputnui).
1036 2495 1102 2559 Hic
1122 2493 1206 2574 Md,

174 2621 230 2709 qui
255 2616 359 2682 multo
383 2615 528 2681 deterior
549 2614 653 2682 altero
679 2629 747 2696 est,
775 2630 884 2682 tamen
906 2616 941 2678 iu
956 2588 1016 2677 *his
1037 2612 1122 2698 Epp.
1142 2611 1205 2677 nli·

173 2748 295 2824 quanto
318 2736 522 2801 emendatior
551 2747 602 2799 est
622 2756 721 2823 quatu
741 2737 777 2801 iu
800 2737 864 2817 iis,
885 2754 970 2823 qnae
991 2731 1034 2799 sd
1053 2730 1204 2798 Atticum

173 2857 314 2939 seriptus
330 2865 422 2917 suut.
444 2853 472 2941 ¹)

174 3010 374 3028 W

181 3164 185 3169 .
209 3121 234 3188 ¹)
271 3119 391 3174 Praeter
408 3119 596 3186 Suetonium,
622 3119 672 3193 qui
691 3119 774 3190 (Oet.
795 3135 818 3174 c.
838 3121 869 3189 1)
891 3117 928 3174 de
947 3117 980 3174 (l.
999 3114 1118 3170 Octauii
1135 3131 1201 3188 prn-

273 3210 389 3266 nineiae
406 3211 658 3268 administratione
681 3212 834 3268 Ciceronis
850 3211 945 3266 utitur
964 3206 1131 3264 testi-onio
1150 3205 1199 3273 (Q.

272 3304 304 3358 F.
323 3302 347 3367 1,
363 3309 391 3368 2,
408 3310 441 3367 ⁷3
463 3308 490 3368 1,
507 3303 569 3373 21),
587 3321 674 3368 unns,
690 3304 770 3377 quod
788 3304 921 3377 equidem
937 3301 1046 3367 seim,
1063 3299 1201 3371 antiquus

272 3394 400 3466 scriptor
424 3394 537 3466 aliquid
561 3412 596 3448 ex
619 3393 666 3449 his
691 3413 755 3467 epp.
773 3395 890 3461 laudat,
914 3393 1083 3449 Ammianus
1100 3391 1201 3456 Mare,

270 3484 347 3557 apud
371 3500 455 3556 ptem
478 3484 633 3554 (xxvllt,
659 3492 685 3549 1,
704 3488 756 3555 40)
787 3502 822 3539 ex
839 3486 863 3548 Ι,
884 3490 911 3547 1,
928 3490 963 3537 39
987 3501 1036 3537 nn.
1064 3484 1140 3536 Nan
1165 3506 1202 3522 -

270 3577 534 3645 anteponendam
551 3576 614 3629 sine
632 3576 693 3630 ulla
716 3576 859 3630 uarietate
878 3575 1025 3647 leguntur,
1043 3571 1102 3627 nisi
1122 3570 1200 3646 quod

268 3668 296 3723 is
311 3682 366 3738 pro
384 3663 549 3720 siut‘ltahet
569 3675 653 3727 suut,
688 3673 723 3721 ut
741 3667 871 3723 Orellius
895 3665 944 3722 uel
967 3667 1032 3720 sine
1059 3681 1093 3721 en
1119 3663 1199 3720 testi·

268 3757 366 3816 nonio
398 3774 464 3811 eum
488 3756 541 3821 (1.,
565 3758 661 3821 Mon„
688 3760 720 3813 1.
752 3759 881 3815 seribere
912 3757 1031 3821 debuit,
1063 3757 1200 3830 qnoniam

263 3850 386 3925 'quidem
403 3867 463 3905 non
480 3849 620 3920 fingitur,
647 3851 719 3923 quid
736 3855 909 3908 iracundiae
925 3868 988 3906 esse
1005 3849 1130 3924 possint,
1147 3850 1200 3903 sed

269 3942 395 4015 simplici
412 3942 576 3997 dilemmate
595 3942 831 4017 sinehypotlresi
851 3943 908 3998 hoo
926 3944 1048 3998 dicituro
1065 3947 1132 4010 „aut
1145 3940 1197 3994 ius·

267 4035 424 4107 placabiles
450 4035 486 4089 ir.
515 4042 584 4090 sunt
602 4042 653 4091 ant
671 4035 847 4091 exorabilem
875 4034 945 4089 illae
964 4050 1102 4088 summan
1120 4049 1197 4086 aeor-

267 4128 388 4187 ltitateru
405 4127 530 4192 habat,
555 4126 609 4182 tue
634 4146 659 4187 s.
678 4127 861 4194 leuitatem„
887 4125 924 4180 ef.
943 4124 1006 4178 Cat.
1023 4124 1062 4180 lt
1083 4127 1127 4188 19,
1144 4129 1197 4192 θος

268 4223 312 4283 2⁰,
329 4224 362 4274 tt
378 4220 443 4291 (ubi
461 4219 590 4291 Madrug.
609 4226 712 4277 eontra
726 4219 796 4291 Reg.
815 4225 846 4275 et
862 4216 927 4276 Eri.
947 4234 982 4272 ex
1002 4217 1106 4280 Treta..
1130 4213 1195 4269 aliis
