3000 4875
1078 416 1151 491 115

271 616 355 683 Ibid.
382 640 446 707 ego
472 639 519 685 ex
546 616 618 686 Md.
643 618 772 686 scribut
808 619 972 704 „dolorem
1005 620 1219 716 †unumque

185 754 278 800 moue
299 734 417 822 [uulgo
435 737 499 819 me]
522 739 611 807 stud.
636 741 706 803 -‘¹.
747 739 801 804 Ad
824 741 1022 804 sententium
1045 741 1093 819 (u.
1112 736 1219 821 Men.)

187 865 298 939 raptum
330 867 436 920 esset:
470 855 530 938 nd„
562 861 786 942 neminemque
813 863 869 923 me
894 857 1126 922 studiosiorem
1149 856 1220 922 un·

186 970 298 1033 touii!

291 1256 385 1313 neque
404 1238 534 1294 Athenas
554 1256 649 1314 neque
667 1238 700 1294 in
717 1240 817 1295 Asiam
836 1255 927 1315 seque
946 1241 1082 1314 cuiquam
1106 1242 1165 1298 nisi
1184 1245 1220 1299 ud

290 1338 321 1384 te
345 1332 441 1404 ipsum
468 1332 667 1403 proficiscenti
694 1330 762 1387 dedi
782 1332 914 1388 litemde
949 1334 1032 1407 qnasi
1057 1353 1128 1390 uero
1157 1335 1218 1392 Cic.

290 1439 386 1494 neque
413 1425 446 1476 in
471 1423 594 1496 Epirum
619 1441 649 1477 n.
666 1423 701 1476 tt
721 1440 816 1497 raeque
839 1426 872 1482 in
897 1426 996 1481 Asiam
1022 1425 1059 1479 ud
1089 1426 1221 1482 Atticum

291 1513 391 1568 literas
408 1515 521 1570 dederit
540 1514 590 1584 (cf.
608 1515 645 1569 de
662 1515 758 1570 literis
777 1517 810 1572 in
826 1517 950 1590 Epirum
969 1525 1055 1592 utque
1072 1518 1105 1571 in
1122 1518 1221 1574 Asiam

290 1605 366 1659 detis
388 1624 431 1679 ep.
451 1612 485 1660 16
503 1613 533 1659 ct
549 1610 603 1674 15).
638 1608 712 1663 Dele
730 1629 820 1692 raeque
838 1616 905 1664 ante
924 1612 1070 1686 enipeum.-
1095 1617 1126 1664 et
1142 1618 1221 1664 recte

291 1698 433 1770 scriptum
459 1698 516 1752 erit
539 1699 571 1752 in
595 1697 713 1753 eandem
738 1701 911 1760 sententium
928 1707 1015 1774 utque
1032 1701 1064 1757 iu
1083 1717 1147 1773 sup.
1172 1718 1219 1774 cp.

291 1794 325 1844 15
343 1795 360 1857 ς
375 1797 392 1844 3
410 1797 468 1844 ests
493 1798 545 1860 ,ut
563 1808 623 1845 non
640 1790 732 1845 lilseat
749 1794 881 1867 eraiqusns
910 1793 982 1848 dure
1008 1795 1085 1859 „utet
1101 1796 1137 1849 de
1164 1813 1219 1869 quo

290 1886 468 1953 exploratum
485 1885 534 1943 sit,
551 1885 608 1936 tibi
625 1882 708 1953 (ipsi)
727 1902 790 1937 euos
805 1885 1011 1938 redditumru‘¹.
1048 1884 1164 1938 Nemini
1182 1884 1219 1938 ud

294 1982 324 2027 tc
340 1974 384 2026 lit.
404 1972 470 2025 dedi
488 1972 631 2042 usquein
647 1973 684 2024 Ε.
702 1999 738 2012 --
757 1987 850 2044 neque
868 1973 900 2026 in
917 1974 969 2025 As.
988 1973 1046 2026 uisi
1067 1973 1118 2045 qui
1137 1974 1174 2028 ud
1191 1982 1220 2030 te

293 2065 389 2137 ipsum
422 2063 684 2135 proficisceretur.“
728 2063 826 2137 illeque
853 2079 888 2117 ex
915 2062 1114 2133 superioribus
1147 2065 1222 2120 mule

293 2155 449 2228 repetitum
468 2161 521 2224 est,
541 2154 618 2208 sicut
637 2158 681 2224 111,
702 2157 745 2218 ld,
762 2152 813 2207 ubi
832 2169 868 2207 ex
883 2154 953 2207 Asc.
972 2160 999 2225 2,
1017 2172 1041 2208 o:
1061 2155 1125 2210 sine
1142 2164 1221 2212 certa

292 2248 354 2302 ulla
364 2247 546 2316 auctoritate,
564 2245 653 2318 uulgo
665 2244 789 2318 legiturr
801 2265 877 2313 „arou
888 2244 968 2301 uliud
979 2246 1097 2319 uliquid
1124 2247 1157 2302 si
1168 2253 1222 2291 -‘⁴

292 2341 338 2410 (iu
354 2340 415 2395 Md.
435 2346 480 2392 est
507 2341 600 2404 „Norat
616 2356 640 2392 a.
661 2356 685 2391 a.
705 2338 767 2400 si¹‘;
794 2336 830 2390 de
847 2355 901 2411 pu
921 2338 1049 2407 siletur),
1073 2356 1107 2391 ex
1124 2339 1171 2408 ,0,
1190 2356 1221 2410 ψ,

294 2430 338 2487 ed
358 2431 457 2488 Ursin.
477 2430 614 2499 (fortasse
631 2428 659 2484 h.
678 2429 708 2499 1.,
732 2436 768 2482 ut
784 2427 851 2484 aliis
871 2428 1030 2500 nonnullis,
1048 2448 1083 2488 ex
1102 2430 1222 2485 meliore

187 2572 189 2575 .
295 2524 394 2595 aliquo
426 2523 597 2590 correctis),
629 2521 772 2594 probante
796 2521 914 2591 Ursino,
942 2520 1035 2593 lunio,
1062 2523 1222 2596 Muduigio‚

294 2615 448 2687 legendum
467 2621 526 2669 est:
545 2617 629 2678 Noas,
645 2617 674 2669 si
688 2644 724 2659 -·-
742 2614 787 2685 (in
803 2613 882 2685 uulg.
901 2613 970 2668 lect.
988 2634 1082 2671 nerra.
1100 2635 1127 2670 a.
1147 2616 1222 2673 male

294 2709 422 2762 otiosum
440 2712 502 2775 est3
521 2723 573 2777 pcr
591 2709 665 2761 Nan
677 2712 773 2759 eutem
788 2711 868 2760 reete
884 2707 1050 2761 annectitur
1067 2707 1222 2779 explicatio

294 2817 344 2853 uu.
371 2800 494 2865 „Totum
512 2829 548 2839 -
565 2798 735 2866 daturum“)‚
769 2799 854 2852 uliud
879 2799 992 2868 aliquid
1017 2813 1051 2852 ex
1077 2815 1118 2870 sq.
1141 2799 1225 2852 cliaed

295 2890 365 2959 quid
380 2895 479 2941 natum
497 2895 550 2942 est.
569 2918 613 2944 -.
641 2890 719 2942 Fam.
731 2888 781 2958 IX,
793 2893 867 2958 15,3
887 2888 939 2944 Or.
956 2905 991 2945 ex
1008 2887 1068 2942 Md.
1089 2888 1222 2959 scripsit:

295 2982 402 3052 „Quod
417 3009 454 3022 —
471 2998 577 3053 purgas
595 2986 625 3034 te
642 2996 701 3034 non
718 2979 913 3035 dissuasorem
929 2981 1076 3051 enpliosis
1090 2979 1223 3052 Neapoli·

296 3082 380 3129 turrae
407 3072 519 3143 [domus
543 3071 667 3125 alicuius
685 3071 731 3140 li]
764 3070 865 3142 tuisse,
893 3070 945 3127 sed
965 3078 1113 3127 auctorem
1130 3074 1222 3129 neode-

294 3167 418 3221 ratiouis
442 3164 576 3234 urbanae,
605 3182 695 3239 neque
713 3180 766 3237 cgo
784 3163 872 3218 aliter
888 3164 986 3238 accepi
1017 3162 1107 3235 [quod
1125 3164 1223 3235 priore

296 3275 339 3330 cp.
358 3256 553 3327 scripseras].¹‘
588 3256 717 3309 Primum
729 3272 784 3326 pro
796 3256 900 3310 moder.
911 3254 941 3307 L.
954 3272 1015 3326 sqq.
1034 3260 1113 3307 recte
1134 3255 1222 3326 serip-

297 3346 385 3398 sisse:
411 3347 644 3407 commorationis,
669 3362 758 3416 quum
782 3343 960 3396 contrarium
981 3343 1057 3396 illud
1076 3348 1223 3413 emptionis

297 3434 415 3505 indicet,
441 3442 503 3489 tum
524 3453 587 3508 sqq.
606 3434 732 3489 clamant
766 3433 815 3502 (ci.
838 3433 963 3501 Grecu).
1005 3433 1080 3489 Mihi
1108 3435 1224 3508 quidem

297 3526 348 3580 (ir.
366 3544 427 3578 non
443 3526 589 3597 persuasit
614 3526 718 3580 moda.
738 3526 801 3580 arrd.
820 3524 863 3578 sic
881 3525 1026 3598 explicare
1043 3525 1146 3581 licere:
1172 3536 1223 3596 „ut

297 3622 328 3674 iu
356 3618 426 3673 orbe
457 3636 606 3672 remouens
639 3617 833 3673 mederatione
857 3625 955 3673 meree
987 3623 1059 3673 cct.“
1092 3617 1223 3690 Scilicet,

297 3728 387 3785 quun
404 3708 560 3763 excidisset
576 3727 636 3763 cors
653 3707 717 3761 siue
734 3713 805 3763 notu
822 3707 886 3763 eius
905 3717 1002 3782 puaep.
1022 3710 1073 3780 (ci.
1091 3711 1128 3782 V,
1147 3715 1174 3782 4,
1195 3717 1223 3782 2,

296 3803 348 3858 ulti
365 3820 419 3875 pro
438 3803 571 3863 donares,
591 3798 671 3873 quod
689 3817 717 3853 u.
735 3798 787 3858 illa
804 3807 898 3856 aetate
915 3802 958 3856 sie
975 3820 1037 3859 non
1050 3802 1222 3874 ponebatur,

296 3912 331 3949 ex
348 3894 434 3949 Mart
460 3893 536 3949 coni.
565 3890 750 3947 scribendum
775 3893 962 3957 condonares,
989 3894 1052 3963 XV,
1070 3900 1096 3963 8,
1115 3893 1167 3948 uhi
1189 3911 1224 3948 ex

298 3993 356 4039 sut
375 4003 450 4040 corr.
471 4004 524 4058 pro
542 3988 640 4049 nesti,
659 4001 725 4057 quo.
740 3983 851 4040 ru‘Gie.
869 4002 930 4040 non
947 3985 1041 4043 utitur
1057 3985 1116 4039 nisi
1135 3985 1223 4039 semel
1338 4042 1348 4055 ‚

298 4076 331 4131 in
348 4078 468 4132 Λητώ
485 4078 519 4132 N.
535 4078 573 4132 Ι).
591 4082 616 4135 ll
634 4081 651 4144 s
670 4081 732 4145 111,
751 4075 839 4130 scrib.
857 4079 1009 4139 caunum,
1027 4075 1066 4131 es.
1084 4082 1112 4146 3,
1129 4080 1170 4146 2),
1189 4093 1224 4130 ex

299 4170 525 4230 norotrfactum
538 4170 714 4231 estensem
732 4165 770 4221 et
789 4167 864 4222 Anu
885 4167 921 4223 ud
936 4168 970 4237 V,
990 4172 1033 4237 lt,
1051 4173 1077 4222 d.
1091 4200 1094 4205 ,
1110 4166 1223 4222 Deinde

299 4279 390 4338 neque
407 4281 458 4333 epo
476 4261 560 4316 initio
580 4259 739 4333 apodoseos
761 4276 814 4329 pro
833 4280 869 4318 ue
886 4280 940 4333 epo
957 4262 1069 4336 quidem
1086 4258 1221 4329 positunu

993 4370 1022 4426 ὃ.
