3000 4875
1097 308 1169 382 103

259 591 261 598 Ι
290 510 350 596 up.
371 513 393 574 7
414 518 432 592 ς
455 515 476 576 2
498 511 659 594 nnoudum
684 510 904 577 recoluerit.
950 512 1023 599 Ego
1046 513 1171 581 scribo:
1201 541 1233 581 u.

199 626 296 712 †r.,
327 640 363 692 ut
398 632 450 696 cui
474 630 692 696 audacissima
717 627 777 692 Or.
799 627 980 715 explicatio
1010 630 1126 706 (retal.
1149 653 1233 713 esse,

197 767 241 826 nr.
263 748 357 833 quasi
380 749 414 811 in
437 750 582 813 rationes
604 760 698 824 tuas,
735 744 943 822 diuinarum)
982 749 1116 814 minime
1137 753 1233 816 antis-

196 863 308 930 faciat.

280 980 342 1065 Ep.
369 981 392 1043 Β
418 979 437 1063 §
464 959 494 1043 1.
537 976 592 1060 nc·
624 981 854 1065 Sempronium
886 980 1031 1063 Rufum,
1076 983 1230 1052 aurunt.

195 1096 348 1164 Alterum
363 1098 411 1161 R.
425 1108 513 1161 certe
529 1098 623 1162 uncis
639 1096 776 1182 dignum
791 1097 864 1164 fuit.
906 1097 999 1163 Man.
1016 1099 1094 1166 Rufi
1111 1123 1230 1167 nomen

195 1211 354 1280 aCaelio
384 1215 537 1280 iteratum
568 1216 733 1299 opinatur,
772 1235 836 1300 quo
860 1216 966 1301 magis
997 1216 1170 1297 indicaret,
1189 1218 1229 1287 de

195 1354 259 1419 quo
280 1332 487 1420 loqueretur:
512 1332 605 1416 quasi
621 1329 754 1417 plenum
780 1352 912 1411 nomen,
935 1334 1114 1418 etquidem
1139 1335 1229 1402 addi·

194 1452 237 1514 tis
257 1471 311 1516 uu.
339 1444 422 1531 nmel
446 1470 485 1516 ac
508 1447 644 1514 delicias
666 1451 758 1514 tuas*
782 1449 823 1513 ad
849 1472 919 1516 eam
943 1474 1013 1520 rem
1036 1473 1101 1518 non
1125 1453 1228 1517 suffe-

194 1569 286 1636 cerit.
330 1567 441 1653 Atque
459 1564 515 1630 uel
538 1568 586 1631 sic
602 1567 775 1648 dicendum
796 1568 879 1648 luit:
902 1569 958 1647 R„
980 1569 1085 1634 ictum
1106 1570 1151 1636 R.
1175 1571 1228 1635 Gi.

194 1686 233 1752 de
255 1682 325 1750 Md.
347 1685 624 1772 geminatiouibus
647 1707 723 1750 ann.
743 1685 784 1750 ad
807 1684 851 1765 V,
871 1690 904 1766 9,
926 1689 959 1752 1.

274 1801 359 1867 ibid.
381 1802 553 1886 „Quaeris
584 1826 627 1884 an
659 1802 795 1878 aurati
828 1802 884 1868 Sic
916 1802 974 1868 Or.
1011 1826 1055 1869 ex
1087 1804 1169 1885 Md,
1193 1808 1226 1870 in

193 1942 257 2007 qua
279 1918 422 1985 lectione
446 1925 493 1985 ait
511 1921 634 1985 latere:
664 1917 771 2001 „Curi
794 1921 935 2003 quaeris.
956 1920 1079 1987 Animi
1101 1924 1227 1986 causal.

191 2035 290 2101 Mire.
309 2034 365 2100 An
382 2034 489 2101 Rufus
505 2037 615 2100 animi
633 2032 816 2100 relaxandi
839 2046 872 2098 et
895 2036 989 2119 quasi
1012 2033 1106 2101 lusus
1127 2061 1226 2104 cansa

191 2153 248 2237 (ci.
269 2153 310 2217 de
334 2175 443 2218 animi
465 2177 493 2217 c.
523 2152 636 2218 Mada.
660 2153 700 2232 ad
725 2152 798 2238 Fin5
824 2149 857 2215 ll
879 2150 897 2235 ᾗ
917 2152 972 2234 56)
995 2153 1226 2234 „calumniam
1314 2233 1317 2238 ⁴

191 2273 337 2336 maximo
357 2269 475 2353 plausu
496 2271 639 2337 tulerat
660 2290 687 2337 a:
708 2273 754 2354 (u.
773 2267 876 2334 Gran.
897 2268 1106 2354 (calumniae
1130 2295 1172 2338 m.
1193 2297 1224 2358 p.

190 2387 431 2454 condemnatus
445 2388 537 2455 erati
552 2387 604 2454 Ne
615 2398 840 2455 accusauerat
859 2385 990 2474 quidem
1007 2389 1108 2454 animi
1125 2410 1225 2457 causa

99 2568 103 2571 a
191 2505 351 2572 Tuccium
374 2503 415 2571 de
439 2509 485 2588 ui,
514 2508 636 2573 sedne
666 2503 737 2594 ipse
762 2529 802 2572 eo
824 2529 911 2574 anno
932 2528 1065 2574 causam
1091 2507 1225 2572 diceret.

189 2624 274 2692 Mihi
297 2624 380 2693 nihil
398 2626 611 2705 uerisimilius
626 2628 819 2714 'excogitari
841 2647 938 2712 posse
961 2628 1103 2705 uidetur,
1125 2648 1224 2713 quam

190 2743 274 2829 quod
298 2742 398 2829 uulgo
422 2743 614 2830 legebatur:
645 2744 718 2826 nii„
742 2766 810 2830 qun
833 2745 868 2806 in
893 2764 991 2807 causa
1018 2744 1071 2827 (R.
1096 2743 1156 2808 ca-l.
1180 2767 1222 2808 m.

187 2882 220 2943 p.
239 2858 394 2943 tulerit)¹‘.
432 2859 529 2938 Quod
552 2882 609 2925 cur
626 2858 685 2923 Or.
704 2859 895 2942 languidum
918 2880 991 2924 essa
1014 2861 1110 2935 dieat,
1130 2863 1221 2944 cqui-

187 2978 260 3042 dem
283 2998 348 3042 non
370 2977 479 3043 uideo.
534 2980 646 3065 Fingit
683 2974 818 3040 Gaelius
854 2974 1046 3041 Ciceronem
1083 2980 1222 3040 interro·

187 3108 332 3184 guntero,
355 3118 419 3183 qua
441 3098 475 3161 in
500 3118 527 3161 c.
552 3094 635 3161 illud
658 3095 779 3158 factum
802 3109 901 3175 esset,
933 3095 1050 3160 deinde
1075 3096 1145 3183 ipsa
1169 3117 1221 3160 re·

185 3215 349 3299 spondens
376 3236 507 3283 causam
532 3227 660 3280 narrat:
677 3211 742 3294 ,NL
755 3210 914 3275 Tuccium
934 3215 1011 3275 cetl.
1059 3212 1109 3277 cf.
1132 3223 1165 3291 7,
1181 3214 1220 3276 2:

184 3328 363 3410 „Quaeram
393 3328 473 3393 ubii
494 3328 560 3397 Ubi
583 3330 615 3391 h.
639 3349 703 3411 ego
727 3329 860 3389 minima
889 3325 1039 3388 uellent.
1086 3327 1142 3406 Ar,
1166 3330 1220 3391 in-

185 3448 267 3532 quit,
297 3446 401 3531 quain
431 3448 492 3508 nix
524 3448 558 3508 in
590 3468 636 3507 aa
657 3455 846 3529 corruptum
868 3453 967 3503 esset.
1016 3442 1219 3526 Persequere

184 3563 294 3628 uarias
315 3559 385 3627 Mu.
407 3560 513 3626 lectt:
537 3559 699 3625 eiusmodi
721 3579 866 3622 errorem
888 3559 1002 3643 mirari
1024 3558 1166 3621 desines,

272 3679 357 3745 ibid.
381 3677 490 3762 „illam
519 3676 667 3743 fabulam
696 3696 837 3756 narrem,
860 3674 1133 3762 quemadmodum
1159 3673 1219 3740 tibi

180 3821 245 3886 pro
280 3795 443 3882 beneficio
471 3797 598 3862 dederit
621 3792 784 3881 [Rufus]‚
813 3796 843 3857 si
874 3795 964 3884 quod
989 3792 1126 3858 iniuriis
1149 3794 1220 3857 suis

181 3926 280 3995 esset,
299 3928 335 3978 ut
364 3915 539 3982 Uestorius
560 3914 713 3979 teneretl.
762 3912 818 3977 Sic
837 3912 896 3978 Or.
919 3936 964 3978 ex
980 3911 1050 3976 Md.
1070 3909 1142 3996 Ego
1164 3929 1218 3972 su·

178 4035 286 4116 spicer
299 4030 448 4101 Caelium
465 4035 653 4120 scripsisse:
668 4033 713 4114 nsi
733 4028 818 4121 quid
833 4030 965 4094 iniuria
977 4027 1087 4116 ipsius
1107 4020 1216 4110 [Rufi]

182 4163 270 4216 essct
295 4153 375 4216 -¹‘·
418 4151 603 4219 Ridiculum
635 4160 704 4215 crat
737 4146 860 4212 Rufum
892 4145 1016 4212 dixisse
1046 4139 1217 4208 Ciceronis
