3000 4875
538 827 849 946 Praefatio.

626 1048 762 1065 ῃ

179 1083 339 1227 Decem
359 1161 430 1229 fure
455 1165 534 1229 anni
554 1176 652 1246 sunt,
692 1186 792 1251 quum
814 1161 1021 1250 diuulgatum
1042 1174 1093 1228 est
1116 1162 1213 1228 uulu-

179 1297 255 1341 men
279 1277 341 1342 111.
368 1280 562 1346 Orellianae
597 1285 744 1345 omnium
774 1279 944 1344 Ciceronis
971 1301 1108 1363 uperum
1139 1281 1213 1345 edi·

178 1394 300 1472 tionis,
322 1414 386 1477 quo
409 1394 581 1478 Epistulae
604 1397 825 1465 continentur.
881 1392 980 1469 Quod
1000 1395 1036 1456 in
1057 1392 1134 1458 aliis
1156 1394 1212 1461 Ci-

177 1510 307 1574 ceronis
328 1508 441 1590 libris,
463 1523 500 1575 ut
519 1510 666 1590 Catone,
689 1508 890 1574 Tusculanis
911 1507 1211 1593 Disputatiunibns,

178 1623 219 1689 du
240 1623 392 1707 Officiis,
423 1628 572 1697 Orellius
593 1629 734 1706 fecerat,
765 1637 802 1690 ut
823 1626 996 1714 uulgarem
1018 1639 1211 1695 contextum

176 1763 244 1806 nun
264 1758 515 1830 recognosceret
542 1757 576 1809 et
609 1744 650 1809 ad
680 1747 837 1830 optimam
860 1766 1022 1831 quumque
1046 1747 1210 1809 recensio·

177 1879 252 1923 nem
276 1862 472 1947 castigaret,
514 1862 573 1926 sed
601 1863 673 1947 ipse
696 1835 892 1947 comparetis
915 1874 1014 1948 atque
1036 1862 1077 1925 ad
1099 1884 1210 1928 emen·

176 1974 343 2041 dationem
364 1976 522 2042 adhibitis
545 1980 642 2043 nouis
664 1980 862 2064 optimorum
888 1978 1039 2049 codicum
1059 1978 1209 2048 collatio·

176 2090 274 2156 nibus
294 2107 499 2173 recenseret,
535 2097 569 2159 id
600 2117 699 2182 quum
729 2096 818 2160 idem
844 2094 886 2161 U.
912 2093 956 2159 D.
990 2097 1026 2160 in
1049 2096 1209 2183 Epistulis

174 2209 255 2273 lecit
275 2210 422 2279 codicum
444 2209 680 2292 Mediceorum,
702 2212 821 2301 quibus
837 2224 912 2296 pust
934 2211 1118 2279 Uictoriam
1140 2214 1209 2278 edi⁴

174 2337 227 2390 tur
249 2348 345 2391 nemu
369 2349 449 2392 usus
473 2341 562 2408 erat,
585 2333 667 2395 satis
690 2343 843 2395 accurata
866 2328 1043 2396 collatione
1065 2331 1207 2408 adiutus,

174 2441 215 2504 (le
245 2440 352 2505 litoris
378 2443 508 2505 Latinis
538 2449 661 2527 optime
692 2446 754 2506 ille
780 2447 910 2527 quidem
933 2447 1074 2514 meruit,
1107 2419 1208 2529 qnam

172 2559 368 2643 praesertim
395 2558 535 2622 editioni
565 2572 660 2625 suae'
674 2570 710 2623 et
737 2557 920 2623 Historiam
950 2556 1105 2625 criticam
1127 2561 1207 2648 Epi.
1249 2554 1252 2563 ’

172 2674 332 2741 stolarum
361 2678 587 2767 praemitteret
612 2687 646 2739 et
677 2678 712 2740 in
733 2675 926 2763 Appendice
947 2678 1111 2764 integram
1131 2678 1208 2744 illu·

64 2816 68 2825 ’
172 2810 245 2857 rum
270 2793 418 2857 codicum
438 2795 633 2859 uarietatem
655 2793 863 2879 adiungeret,
882 2794 941 2857 sed
959 2805 1086 2859 tantum
1101 2794 1207 2877 abest,

173 2922 209 2973 ut
231 2910 336 2974 critici
357 2911 447 2989 eius,
488 2913 545 2996 qui
573 2915 750 2996 separatim
775 2909 944 2996 Epistulas
965 2913 1099 2997 optimis
1123 2912 1206 3005 sub·

171 3028 264 3091 sidiis
286 3028 464 3092 instructus
483 3028 615 3109 ederet,
650 3026 771 3095 officiis
795 3027 1009 3102 satisfecerit,
1043 3041 1143 3094 utne
1166 3048 1206 3095 ea

66 3160 71 3171 ·
172 3143 324 3228 quidem,
363 3165 446 3230 quae
474 3152 613 3213 omnium
635 3144 805 3213 Ciceronis
828 3166 965 3231 operum
986 3146 1092 3211 editor
1111 3167 1206 3232 prae·

170 3271 259 3325 stare
290 3259 449 3341 debebat,
482 3266 593 3329 omnia
623 3264 837 3347 praestiterit.
902 3261 971 3329 Tut
1004 3266 1204 3333 rectissimas

170 3376 319 3442 codicum
350 3382 528 3460 scripturas
551 3378 608 3445 uel
640 3382 675 3444 in
705 3378 767 3443 illa
797 3379 979 3465 appendice
999 3383 1108 3446 iacere
1129 3399 1205 3465 pas·

166 3513 227 3575 sos
249 3503 300 3555 est
321 3490 377 3555 uel
397 3495 431 3556 in
455 3505 570 3572 nutas,
597 3514 697 3578 saepe
721 3516 763 3557 ne
786 3494 1050 3556 memorabilium
1073 3495 1204 3576 quidem

168 3609 348 3674 lectionum
366 3609 465 3691 signo
487 3605 617 3685 additu,
640 3608 846 3699 amantlauitt
869 3618 918 3671 tot
943 3608 1132 3672 uerissimas
1154 3611 1204 3675 ui·

168 3746 279 3795 rurum
302 3724 471 3791 (lucturum
489 3726 693 3807 coniecturas
714 3746 780 3789 nun
804 3723 901 3789 modo
919 3744 985 3788 nun
1009 3726 1044 3788 in
1066 3738 1203 3791 contex-

168 3857 239 3908 tum
261 3844 404 3928 recepit,
437 3842 496 3906 sed
527 3839 727 3925 improbauit
755 3851 812 3907 ant
842 3842 941 3906 etiam
970 3842 1201 3909 memorabiles

167 3942 296 4025 tantum
316 3960 493 4025 indicauit:
515 3970 563 4022 tut
584 3960 733 4024 codicum
754 3959 945 4044 scripturas,
967 3980 1049 4044 quas
1065 3959 1202 4024 iamalii

168 4078 294 4156 critici,
314 4080 345 4142 si
368 4078 475 4142 miuus
497 4075 773 4156 emendauerant,
796 4088 831 4141 at
855 4088 965 4141 tamen
988 4097 1109 4160 prauas
1128 4097 1201 4140 esse

168 4192 341 4272 uiderant,
371 4190 427 4256 uel
449 4192 543 4259 nulla
562 4195 832 4278 interpretatione
857 4192 913 4258 uel
938 4192 1026 4259 mala
1047 4194 1201 4258 defensas

897 4360 902 4369 .
983 4319 1000 4368 1
