3000 4875
1093 433 1140 506 35

173 622 210 708 o,
236 631 293 697 ubi
322 634 460 721 legitur:
490 642 550 723 qud
576 624 684 703 eurum
715 644 751 703 rit
779 638 1056 705 cccccccccc
1088 653 1204 721 essent,

176 751 203 836 †
234 769 296 815 eece
326 753 637 834 adducendum,
666 757 707 820 de
731 754 884 825 CCCLX
908 760 975 824 iud.
1000 778 1019 822 e
1044 757 1204 846 Pompeio

176 872 293 934 iterum
327 871 462 936 consule
494 871 589 937 lectis
619 871 770 940 Caelium
803 879 975 962 scripsisse
1009 881 1075 943 ianr
1108 877 1202 943 Man.

174 987 297 1073 aliique
329 992 488 1075 suspicati
527 1003 604 1053 sunt
629 991 790 1076 probante
822 992 994 1082 Meduigio
1024 996 1132 1082 (Disp.
1162 998 1203 1060 de

175 1105 251 1172 trib.
268 1108 405 1174 uereriis
418 1129 451 1196 p.
464 1108 510 1190 7).
534 1107 560 1191 ¹)
609 1108 681 1195 Ego
701 1111 804 1193 igitur
823 1115 972 1195 suspicor
993 1116 1028 1177 in
1050 1129 1204 1197 corrupto·

173 1221 233 1286 illo
257 1244 330 1294 noo.
352 1223 540 1289 resistere
562 1231 743 1308 sexaginta
764 1228 799 1289 in
822 1224 892 1290 Md.
914 1227 1000 1291 mele
1024 1232 1205 1313 transposi-

174 1351 242 1402 tum
263 1353 296 1401 et
319 1354 395 1403 ente
418 1341 582 1404 adducere
603 1341 651 1403 sio
669 1341 896 1427 deprauatum.
941 1342 1001 1409 Or.
1016 1348 1202 1430 suspicione

173 1458 215 1521 de
247 1447 399 1521 CCCLX
422 1458 491 1519 iud.
522 1478 587 1520 non
614 1472 868 1523 commemorota
898 1463 1083 1544 pertimere
1107 1462 1200 1527 Meu.

173 1577 258 1640 coni.
282 1574 351 1662 legi
375 1571 463 1638 uuit:
485 1578 520 1636 r'n
548 1571 637 1637 CCC
654 1579 677 1637 ι’.
703 1595 753 1655 e.,
792 1597 847 1640 eos
877 1596 924 1641 ece
946 1580 1072 1644 iudicio
1099 1578 1201 1644 obdu⁴

173 1696 289 1758 cerel.
335 1694 381 1758 At
405 1713 485 1755 uero
505 1711 612 1776 neque
632 1713 686 1756 eos
704 1705 762 1757 aut
784 1712 830 1758 ex
851 1688 933 1774 ἑκά..
954 1718 1037 1782 quae
1062 1717 1107 1759 ex
1128 1698 1201 1782 ipss

172 1815 271 1876 totius
290 1810 356 1875 Ioci
375 1811 538 1873 sententia
560 1808 659 1873 facile
683 1810 933 1897 intelliguntur,
965 1816 1041 1878 eddi
1065 1836 1200 1878 necesse

171 1944 221 1995 est
238 1952 358 2015 neque,
375 1930 540 1994 adducere
562 1931 622 2005 (sc.
637 1934 830 1992 incenatum
852 1932 939 2016 quod
963 1953 1008 1994 ex
1030 1932 1200 2017 superiore

171 2051 217 2114 nd
236 2057 383 2112 senatum
407 2035 573 2111 assumere
595 2045 687 2128 licet)
709 2047 743 2107 in
766 2044 842 2109 odd.
867 2050 1002 2112 mutari
1022 2084 1064 2098 -
1085 2052 1134 2128 X,
1146 2052 1199 2129 23,

169 2169 202 2246 3,
226 2164 284 2229 ubi
305 2152 340 2228 in
361 2164 431 2229 Md.
453 2178 522 2228 est:
567 2172 606 2229 tet
631 2169 773 2249 spetiem
795 2171 831 2227 et
850 2165 1068 2250 collegendum
1087 2189 1124 2231 se
1143 2167 1208 2231 doe

169 2291 271 2348 menes
291 2283 451 2347 deberent
474 2291 508 2345 et
526 2303 585 2366 ego
610 2293 691 2357 cet.‚
706 2319 709 2324 >
723 2280 784 2345 Or.
808 2301 854 2343 ex
876 2281 917 2344 L.
943 2286 1028 2345 coni·
1052 2286 1199 2367 scripsit:

169 2409 209 2465 ut
229 2398 302 2488 [et]
328 2421 353 2463 r.
376 2399 422 2462 ed
442 2400 516 2460 cell.
540 2409 603 2461 cet.
652 2397 695 2459 Et
714 2396 844 2480 quidem
865 2397 963 2460 facile
985 2410 1059 2482 post
1081 2407 1119 2463 tet
1139 2421 1207 2464 ex··

170 2520 249 2584 cidit
272 2525 323 2595 et,
360 2524 466 2601 neque
496 2514 614 2577 desunt
642 2511 795 2598 exempla
827 2512 1019 2579 uocularum
1045 2516 1201 2583 adstet

169 2636 390 2712 confusionis,
415 2646 451 2696 ut
470 2633 509 2696 F.
532 2634 565 2710 8,
588 2633 621 2711 3,
642 2633 664 2694 3
686 2628 755 2695 Md.
780 2640 813 2696 et
834 2654 866 2718 p.
892 2631 954 2711 cd,
976 2634 1047 2698 Art.
1070 2634 1132 2715 IV,
1143 2639 1195 2716 lo,

168 2758 210 2822 10
234 2755 304 2819 cdd.
329 2753 398 2816 noti
421 2759 455 2814 et
470 2773 503 2835 p.
528 2750 581 2813 cd.
630 2749 709 2826 Sed,
733 2753 887 2834 quonium
912 2751 958 2814 nd
978 2729 1196 2836 collegendum

169 2897 215 2952 se,
239 2873 280 2935 de
304 2866 455 2955 pluribus
477 2868 610 2944 dictum,
632 2869 796 2929 constanti
813 2868 841 2949 ²)
853 2867 1047 2931 Latinorum
1060 2889 1197 2933 consue·

168 2972 273 3058 erun
295 2989 349 3072 (u
371 3007 435 3071 qua
458 2983 524 3046 un.
545 2981 695 3067 Meurig.
720 2983 805 3069 unp.
829 2985 864 3047 n
885 2982 950 3067 op.
966 2983 1071 3050 nonu.
1090 2988 1197 3071 peso

166 3145 367 3167 W

208 3262 232 3329 Ι)
268 3257 329 3312 Ate
350 3249 439 3312 VIII,
457 3253 507 3312 16,
526 3252 561 3309 2,
589 3247 641 3300 ubi
667 3247 776 3319 legitur
801 3249 917 3303 Iudices
934 3250 1082 3313 DCCCL,
1101 3255 1153 3325 qui
1166 3268 1194 3324 p.

272 3349 369 3400 Cnseo
394 3361 421 3396 u.
447 3332 682 3401 delectabuntur,
719 3338 835 3392 eosdem
858 3339 916 3392 iud.
945 3340 1075 3395 CCCLX
1105 3342 1196 3398 lutere

185 3440 191 3445 ’
269 3434 390 3497 Iunius,
417 3431 467 3485 oIii
492 3430 637 3485 uiderunt
684 3428 718 3483 In
735 3428 796 3483 Md.
816 3429 865 3496 (de
883 3447 937 3500 yxu
957 3430 1072 3498 silenti)
1091 3440 1149 3485 est:
1169 3434 1195 3490 1.

269 3526 335 3582 DC.
358 3523 445 3577 CCC.
463 3527 516 3582 L,
538 3521 615 3574 unde
636 3521 704 3572 dett.
727 3521 751 3572 1.
775 3521 811 3571 dc
832 3518 942 3573 CCCL.
966 3517 1142 3588 ›Legendum
1160 3540 1194 3579 ex

268 3616 346 3676 Iunii
372 3614 447 3668 coni.
476 3615 592 3669 Iudices
621 3611 762 3666 CCCLX.
787 3608 905 3678 (Falso,
934 3607 959 3663 si
979 3609 1103 3665 Greeuio
1120 3612 1193 3668 fides

266 3707 398 3768 habende
423 3712 484 3771 est,
513 3705 563 3759 οι·.
589 3703 679 3758 tradit
704 3702 788 3757 iiiurn
813 3699 943 3755 uoluisse
972 3704 1008 3759 de
1037 3704 1192 3776 CCCLX).

267 3804 387 3862 Scilicet
413 3799 444 3853 in
465 3796 524 3852 Md
551 3814 586 3851 ex
608 3796 685 3851 tvl).
705 3792 834 3849 000οΧ
858 3792 1028 3865 geminando
1055 3803 1086 3851 et
1109 3799 1198 3854 omit.

267 3896 354 3952 tendo
373 3893 524 3947 tantumne:
542 3888 619 3945 tvl).
638 3889 699 3944 DC.
720 3885 805 3943 CCC.
822 3885 854 3939 L.

202 3991 228 4058 ἱ)
266 3986 352 4055 Quod
368 3984 479 4056 legitur
494 3981 554 4035 Aet.
578 3979 611 4044 I,
629 3985 679 4044 1³,
698 3985 712 4032 l
731 3980 774 4033 ad
791 3979 938 4050 Sicyonem
960 3984 1191 4049 emigrandum,

264 4096 322 4131 usu
340 4077 514 4130 Graecorum
539 4069 656 4126 defendi
673 4075 790 4141 potest,
813 4068 919 4142 quihus
936 4067 1061 4138 Σικυών,
1077 4079 1111 4125 ut
1128 4079 1190 4131 Ma.

265 4165 377 4237 peticio,
391 4165 549 4220 communie
567 4161 682 4233 generis
699 4167 759 4215 eet:
777 4177 947 4235 quamquam
963 4160 995 4214 L.
1015 4160 1139 4219 fortsssc
1157 4182 1191 4220 cx

265 4274 282 4309 n
300 4255 418 4328 scripsit
433 4255 664 4327 opprimendam.

963 4364 992 4410 a·
