3000 4875
348 1059 352 1068 ἱ
431 931 693 1069 Epistolae
731 939 795 1036 nel
828 940 1136 1050 Familiares.

722 1144 867 1161 Μ

354 1261 563 1351 L.1.Ep.2.
611 1194 755 1370 Quom
778 1268 882 1334 multe
909 1265 1062 1333 Orellins
1090 1267 1200 1332 loturo
1232 1266 1300 1330 etli-

270 1381 335 1444 tori
367 1376 570 1448 emendenda
597 1387 782 1473 reliquerit,
815 1389 882 1452 inm
911 1407 954 1450 ex
983 1386 1045 1449 loeo
1074 1406 1126 1468 sp.
1155 1381 1301 1468 intelligi

269 1508 390 1581 potest.

357 1620 377 1696 ς
395 1617 425 1693 1,
447 1612 506 1679 ubi
536 1618 571 1680 in
599 1615 670 1683 Md.
684 1621 819 1682 mitiore
842 1629 892 1683 ost
914 1623 1032 1703 cuique
1053 1622 1117 1696 rei,
1137 1638 1236 1702 quum
1258 1615 1299 1678 L.

267 1733 454 1816 scripsisset
482 1739 540 1800 ees·
566 1736 695 1819 quidem
717 1741 779 1814 rei,
818 1734 878 1800 Or.
908 1738 1030 1800 iniuria
1051 1735 1179 1821 quidem
1204 1734 1298 1798 unois

264 1845 518 1936 inclusumque
558 1853 719 1938 portieuln
757 1875 798 1918 eu
834 1875 911 1939 pers
947 1851 1060 1918 Bibuli
1101 1853 1297 1929 sententiae,

267 1969 320 2032 oni
335 1987 356 2030 a
375 1963 534 2034 Cicerone
547 1971 613 2035 ianr
629 1975 741 2036 resisti
755 1994 820 2037 non
836 1982 975 2059 poteret,
997 1973 1103 2058 magis
1118 1970 1296 2055 insignitur

267 2084 364 2167 eique
388 2088 577 2171 opponitur,
602 2112 705 2174 quern
727 2088 786 2154 ille
808 2091 909 2178 ¹fregit
930 2090 1034 2174 (ο1.4,
1051 2091 1103 2172 1),
1126 2088 1168 2153 tle
1190 2086 1296 2150 tribus

264 2197 404 2285 legatis:
427 2225 531 2289 neque
553 2228 633 2270 uero
653 2211 687 2270 in
709 2209 824 2293 quelr.
842 2207 866 2271 l.
883 2207 972 2272 eliud
992 2208 1167 2294 quidquem
1188 2203 1295 2270 latero

264 2328 373 2399 potest
397 2341 494 2406 quom
524 2325 663 2409 quidem,
703 2325 789 2411 quod
818 2347 892 2391 eum
922 2345 985 2412 que
1016 2347 1082 2389 non
1110 2344 1185 2388 raro
1216 2342 1294 2386 eon·

123 2461 125 2466 ·
265 2433 424 2517 funditur,
454 2453 492 2503 nt
514 2441 554 2517 Q.
571 2444 608 2506 F.
626 2443 671 2524 11,
699 2447 741 2506 15
764 2443 796 2522 b,
813 2447 846 2521 4,
876 2445 934 2509 ubi
963 2447 997 2509 in
1027 2443 1097 2509 Md.
1127 2463 1187 2530 pro
1209 2460 1295 2527 quoe

264 2554 393 2638 quidem
422 2566 472 2617 ost
502 2576 637 2640 queque.
697 2557 796 2633 Quod
817 2556 878 2622 Or.
912 2580 976 2645 que
1004 2560 1052 2623 ait
1074 2562 1107 2621 in
1136 2557 1206 2620 Mo.
1229 2555 1292 2620 nli·

263 2671 391 2755 quoties
410 2668 496 2734 mole
515 2671 684 2751 inculcari,
707 2686 743 2737 ut
760 2677 847 2754 4,1;
866 2678 899 2753 8,
919 2678 959 2751 (i3
979 2679 1077 2754 9,]0,
1097 2673 1189 2739 nulla
1213 2674 1248 2736 lr.
1266 2670 1292 2737 l.
1395 2677 1398 2681 ’

262 2787 310 2850 itu
341 2799 398 2852 ont
428 2789 560 2853 errandi
590 2793 720 2855 oeensio
751 2805 809 2855 aut
836 2792 1059 2879 interpolondi
1085 2812 1184 2856 causa
1216 2792 1291 2855 fuit.

262 2902 349 2969 Nom
373 2907 639 2991 frequentissimo
658 2910 788 2974 errandi
805 2932 1005 2997 genereque
1021 2913 1092 2991 8,o
1112 2930 1159 2973 ex
1179 2908 1290 2994 idque,

259 3024 296 3099 l),
313 3025 355 3084 lo
376 3044 421 3086 ex
432 3021 603 3107 fidemque
623 3038 680 3088 not
702 3047 749 3089 ex
771 3047 1002 3113 memoremque
1028 3016 1205 3112 repetitum
1228 3037 1291 3104 est,

261 3148 298 3200 ut
327 3137 532 3217 x111,1,2
560 3143 595 3204 in
622 3139 692 3206 Md.
723 3155 774 3205 est
811 3143 953 3229 mihique
989 3142 1291 3227 commendaturque

258 3275 318 3340 pro
335 3252 418 3319 uris
432 3277 482 3335 e.,·
500 3258 605 3340 primo
622 3269 732 3322 eutem
748 3259 835 3339 loeo,
854 3260 912 3325 nbi
926 3259 965 3325 L.
981 3257 1140 3346 probante
1150 3256 1210 3324 Or.
1225 3277 1289 3343 que

258 3371 412 3447 sustulit,
451 3371 535 3437 nihil
573 3387 642 3456 est,
681 3399 738 3442 eur
768 3375 837 3442 Cio.
868 3399 933 3442 uon
971 3397 1092 3463 magua
1124 3380 1289 3441 uarietate

259 3490 298 3571 (oz
321 3511 355 3552 r.
383 3493 520 3577 exiguo)
544 3505 577 3556 et
598 3515 719 3579 uraguu
742 3496 873 3560 iou-idio
897 3517 1004 3560 eorum
1025 3517 1083 3581 per
1107 3515 1170 3579 que
1190 3514 1290 3579 oopu-

258 3603 329 3669 lero
351 3627 417 3668 non
439 3619 496 3668 ant
519 3612 662 3690 potuerit
684 3623 741 3674 eut
763 3612 933 3687 debuerit3
963 3614 1006 3676 ef.
1030 3611 1074 3689 ll,
1098 3616 1150 3690 lo,
1171 3615 1193 3673 8
1213 3619 1289 3674 tuu-

257 3726 302 3785 tu's
333 3718 446 3803 opibus
474 3727 631 3808 lauteque
658 3735 802 3812 negotio,
842 3730 883 3809 Q.
902 3731 940 3794 F.
967 3728 1011 3807 ll,
1040 3728 1082 3791 15
1110 3726 1142 3806 b,
1165 3728 1197 3789 4.
1216 3725 1286 3791 Au.

256 3835 321 3914 xl,
338 3837 392 3914 24,
404 3838 434 3899 1.
478 3836 504 3899 F
505 3859 569 3901 eur.
584 3838 612 3918 1,
629 3844 661 3919 9,
679 3845 731 3924 2⁰,
750 3843 806 3909 obi
825 3845 884 3912 Or.
902 3868 948 3911 ox
962 3867 1022 3910 sua
1038 3846 1122 3910 coni.
1139 3845 1286 3928 scripsit:

256 3973 342 4040 quor¹
363 3972 463 4037 saepe
495 3955 744 4038 significatione
772 3965 921 4046 amello,
961 3976 1048 4028 eerte
1078 3958 1285 4027 scribendum

254 4070 334 4133 luit:
371 4069 699 4160 rigoifieotioueque3
745 4099 819 4142 nam
857 4100 920 4164 que
948 4080 1052 4161 nrnnls
1083 4075 1284 4157 inculcandi,

254 4207 353 4252 conse
372 4182 455 4274 fingi
472 4187 564 4255 nullo
582 4203 701 4280 potest.
726 4193 901 4261 Exoidisse
916 4216 1131 4282 synonymum
1149 4193 1282 4280 aliquod
