3000 4875
1099 356 1149 426 91

177 562 346 628 rideamus
368 561 495 650 γέλωτα
519 556 728 645 residetur&
771 560 860 638 Quid
882 573 936 625 est
961 561 992 625 si
1014 563 1120 627 istum
1143 562 1209 626 ltu*

180 677 376 743 buerimue?
407 676 522 757 Mam,
558 680 614 764 qui
645 680 798 764 seperius
821 700 937 743 moues
965 679 1012 742 ita
1042 678 1209 766 explicate

178 817 238 879 „ne
258 798 404 861 iocentur
426 797 460 858 in
482 793 688 874 Caesarem¹¹‚
710 795 793 860 haee
813 798 862 861 sIe
882 798 1132 882 interpretetur:
1154 797 1209 880 „si

179 912 303 979 Caesar
323 912 574 978 dominabitur.
626 911 673 977 At
695 916 836 998 primurn
859 914 1010 1001 aliquem
1031 913 1153 980 tabere
1174 915 1209 978 id

176 1030 367 1118 significare
398 1052 464 1096 non
493 1042 602 1117 potest
633 1032 699 1095 nisi
728 1033 840 1096 addito
871 1031 1067 1111 domiuum
1091 1031 1209 1096 deinde

179 1147 303 1214 Caesar
318 1151 384 1213 iam
401 1162 469 1213 tum
486 1147 598 1235 (paulo
616 1160 692 1211 ante
709 1169 859 1214 suumex
876 1148 1040 1234 Hispania
1055 1150 1209 1232 reditum)

178 1265 426 1342 dominabatur3
452 1267 593 1350 denique
618 1265 723 1328 istum
751 1265 793 1329 de
818 1266 963 1328 Caesare
983 1265 1105 1330 dietum
1137 1286 1209 1330 esse

179 1405 246 1448 noer
264 1397 385 1467 potest,
406 1384 448 1449 nd
469 1403 569 1473 quem
592 1402 663 1467 sqq.
683 1381 795 1446 uerbis
814 1382 898 1464 ,Sed
918 1379 1002 1446 heus
1023 1394 1058 1445 tu
1076 1415 1117 1433 ·-
1133 1404 1211 1447 ma-

174 1501 283 1589 gister
303 1501 398 1565 adest
420 1502 517 1566 eitius
537 1500 607 1547 -I
628 1497 667 1562 fit
684 1501 855 1564 transitus.
896 1498 1017 1579 Istum,
1039 1511 1076 1563 ut
1092 1496 1210 1564 Corra·

177 1619 239 1682 dus
262 1640 392 1706 quoque
414 1619 509 1697 uidit,
540 1617 618 1682 dieit
644 1617 846 1706 Tigellium,
868 1618 909 1682 de
931 1618 1024 1681 euius
1054 1617 1110 1682 ira
1135 1620 1210 1703 egi-

178 1748 232 1800 tur
264 1758 317 1822 ep.
343 1738 387 1799 24
424 1735 522 1822 paulo
558 1748 635 1800 ente
672 1737 795 1819 scripte
828 1736 882 1818 (ei.
915 1736 985 1799 Att.
1013 1734 1113 1815 XIII,
1143 1737 1209 1819 49).
1295 1794 1298 1798 ,

177 1851 277 1917 Illum
308 1852 486 1932 hominem,
511 1850 664 1917 Caesaris
696 1852 843 1933 delicias,
867 1850 985 1918 Gallus
1016 1849 1210 1918 CIceronem

179 1981 364 2047 monuerat,
388 1983 424 2033 ut
447 1982 591 2033 caueret.
639 1969 703 2033 Sed
731 1990 772 2031 ne
796 1969 837 2033 de
863 1969 1057 2054 sequidem
1081 1967 1211 2034 habue-

180 2085 288 2150 rimus
318 2088 366 2149 sic
396 2087 482 2150 nude
506 2087 649 2173 positum
681 2084 785 2150 uliam
812 2084 912 2150 habet
942 2085 1212 2171 explicationem.

178 2203 252 2291 Ego
267 2225 314 2267 ex
329 2201 400 2268 Me.
418 2202 543 2269 scribo:
562 2206 701 2287 ,uereri,
721 2204 749 2290 †
770 2204 837 2269 nisi
859 2207 881 2269 i.
905 2203 937 2268 h.
956 2206 1035 2284 -t,
1057 2206 1213 2284 incertus,

178 2333 287 2385 utrum
313 2318 382 2385 Cie.
408 2324 588 2407 scripserit,
610 2336 647 2385 ut
670 2321 757 2387 Uict.
770 2322 955 2406 suspicatus
977 2334 1047 2387 est:
1068 2344 1124 2401 ne,
1147 2322 1214 2387 nisi

179 2441 204 2504 i.
215 2439 264 2522 (oz
284 2437 490 2524 Tigellium
508 2437 550 2505 U.
568 2459 697 2525 quoque
712 2460 815 2521 praue
832 2439 1009 2504 Caesarem
1027 2439 1212 2524 intellexit)

179 2557 386 2636 carcerimue,
418 2578 472 2637 an,
502 2569 538 2620 ut
567 2557 648 2621 mihi
674 2558 711 2621 'in
739 2570 881 2622 mentem
911 2560 1014 2638 uenit,
1039 2581 1137 2646 quum
1171 2580 1213 2623 ue

180 2688 256 2740 ente
279 2676 342 2756 ui·,
364 2687 432 2741 tum
449 2675 632 2763 placatum
662 2687 736 2762 post
757 2678 860 2741 istum
879 2676 1053 2741 exciderit.
1101 2676 1152 2743 cf.
1171 2677 1212 2742 de

180 2793 296 2857 eadem
327 2814 363 2857 re
396 2792 467 2857 Art.
489 2791 599 2870 XIII,
628 2792 670 2858 51
696 2794 824 2875 (eodem
846 2805 993 2875 tempore
1014 2794 1110 2875 ser.):
1130 2792 1215 2876 ,Τι’-

177 2910 327 3001 gellium
344 2921 449 2973 totum
467 2907 546 2972 mihi
558 2910 616 2992 (se.
624 2908 745 2999 place)
763 2920 796 2972 et
809 2910 938 2995 quidem
955 2911 1215 2997 quamprimumz

181 3050 256 3094 nem
274 3024 407 3115 perideo
430 3026 566 3091 animia.

264 3146 326 3233 Ep.
350 3148 393 3210 26
414 3144 432 3233 ᾗ
454 3149 485 3209 1.
528 3143 589 3210 Or.
627 3165 673 3211 ex
701 3143 772 3211 Md.
796 3144 840 3214 U.
864 3142 903 3210 B.
926 3168 1028 3233 praue
1054 3146 1215 3211 restituit:

180 3267 305 3348 „magis
325 3276 418 3326 tuum
442 3260 588 3326 officium
608 3262 809 3340 desiderem,
832 3282 929 3347 quam
952 3274 984 3326 te
1006 3262 1136 3348 requiri
1155 3283 1215 3346 pu·
1311 3262 1315 3270 '

84 3361 96 3378 ⁰
182 3382 251 3444 tsui
274 3378 409 3442 mermi.
455 3377 509 3440 An
540 3376 610 3442 cic.
640 3389 697 3440 aut
730 3377 895 3462 antiquior
930 3378 1101 3463 quisquam
1140 3398 1216 3461 pro·

182 3518 240 3561 sae
264 3495 423 3559 orationis
446 3495 584 3579 scriptor
607 3492 687 3574 „hoc
710 3514 765 3555 me
789 3493 983 3575 requiritur*
1010 3512 1068 3574 pro
1092 3488 1141 3573 nh.
1164 3513 1216 3556 re·

183 3612 295 3699 quire*
315 3614 388 3675 siue
418 3612 452 3674 Ιι.
476 3632 499 3674 u
527 3632 582 3675 me
605 3607 794 3695 requiritur
817 3608 926 3673 dixirt
949 3607 1002 3674 De
1026 3607 1122 3676 Uerr.
1153 3607 1214 3686 III,

182 3730 259 3815 §eu
287 3750 386 3817 supra
409 3728 463 3808 (ed
484 3728 522 3794 F.
544 3725 711 3809 ll‚17‚7)
736 3725 940 3790 dictumest.
986 3725 1122 3791 Excidit
1143 3736 1217 3812 post

184 3866 252 3935 qua
271 3846 329 3913 abs
360 3848 460 3937 (quod
484 3859 560 3912 cett.
582 3845 655 3910 edd.
679 3845 814 3930 addunt)
836 3842 891 3909 ueI
915 3846 1025 3931 potius
1048 3867 1071 3908 a
1094 3843 1151 3927 (ef.
1174 3843 1215 3908 ed

184 3966 211 4046 1,
232 3969 264 4045 t),
281 3966 348 4048 21),
370 3981 404 4033 ut
422 3966 483 4046 lv,
505 3968 558 4044 18,
577 3967 611 4043 5,
632 3961 689 4029 ubi
708 3962 811 4049 uulgo
824 3962 965 4050 legitur:
982 3960 1041 4044 ,ub
1059 3964 1101 4026 iis
1124 3962 1217 4042 ipsis,
