3000 4875
371 382 420 454 82

314 591 495 657 sententiat
526 584 615 667 ,Hoc
637 580 696 646 tibi
716 582 807 648 dico:
846 589 878 646 rr·
909 582 1120 669 [Pompeiani
1149 586 1222 647 siue
1254 588 1342 671 opti-

297 705 436 793 rnates]
460 699 612 768 omuibus
635 698 735 765 rebus
760 713 911 783 proruent
924 699 1102 765 Curionem
1124 701 1235 786 [quern
1259 700 1341 766 Cae·

312 847 366 889 sar
390 827 455 887 ianr
477 833 547 885 tum
571 817 778 900 defensorem
800 817 1013 905 paraueratJ,
1036 817 1159 883 Caesar
1182 817 1342 894 defende

311 951 385 1016 tsr3
408 946 652 1003 intercessorem
677 933 733 1022 [oz
757 934 954 1023 Curionem]
976 941 1009 999 o·
1028 968 1068 984 -
1089 935 1344 1015 reformidarint,

312 1058 447 1135 Caesar,
472 1055 579 1142 quoad
600 1053 692 1118 uolet
714 1051 860 1140 [procos.
881 1056 915 1117 in
939 1051 1069 1141 Gallia]
1093 1053 1265 1119 manebit.⁴¹
1301 1055 1340 1119 ln

311 1177 484 1242 contrariis
505 1175 679 1237 sententiis
704 1169 981 1236 conditionalibus
1002 1170 1132 1235 Latinis
1153 1192 1219 1237 nou
1246 1172 1342 1237 licuit

310 1293 488 1382 posteriori
504 1297 536 1355 st
546 1292 672 1378 (=rin)
689 1289 794 1354 ullum
811 1311 892 1353 suae
906 1291 1089 1353 sententiae
1099 1311 1183 1369 uoc.,
1194 1312 1235 1354 ne
1255 1292 1340 1376 quod

311 1415 470 1476 maiorem
502 1411 634 1496 quidem
664 1408 809 1494 aliquam
832 1409 900 1471 uirn
928 1407 1066 1472 baberet
1090 1407 1137 1492 (b.
1160 1408 1184 1472 l.
1208 1407 1268 1472 illa
1290 1410 1341 1472 uis
1365 1393 1380 1404 x

310 1533 345 1594 in
367 1526 502 1605 reform.
523 1527 635 1608 inest),
658 1546 873 1610 praeponere.
906 1523 1076 1589 Hactenus
1097 1528 1198 1612 igitur
1220 1530 1341 1591 rectius

310 1660 442 1732 praeter
460 1643 510 1724 C,
533 1643 608 1722 Ub,
623 1642 787 1707 Orellium
806 1644 923 1708 ceteri:
945 1649 978 1707 re·
996 1647 1114 1708 iaterc.
1136 1679 1190 1725 -‚
1214 1646 1272 1709 sed
1290 1667 1342 1710 re.

309 1775 422 1830 manet
444 1761 530 1826 falsa
553 1773 659 1826 sent:
693 1758 834 1845 „Caesar
850 1757 1071 1842 'defendetur‘
1092 1798 1135 1818 -
1155 1785 1176 1827 a
1197 1763 1341 1848 quibus?

309 1881 499 1968 Respondet
521 1878 613 1944 Man.
635 1877 677 1942 ab
701 1884 839 1943 articus
869 1881 965 1965 qnasi
986 1876 1087 1943 Corio
1112 1882 1236 1945 amicus
1256 1879 1340 1945 Cae·

310 2002 394 2066 saris
419 2013 488 2062 tum
511 2019 577 2061 non
598 1996 696 2060 fuerit
722 2009 790 2073 aut,
813 1999 843 2059 si
868 1993 969 2061 Curio
1002 1997 1078 2062 trib.
1101 1999 1153 2081 pl.
1182 2004 1340 2064 intercer-

309 2125 402 2182 rr'ene
421 2137 483 2184 etta
505 2112 682 2182 Caesarem
707 2113 884 2178 defendero
899 2135 966 2179 non
986 2117 1159 2199 potuisset,
1181 2116 1241 2182 alii
1259 2119 1340 2182 anri·

309 2237 340 2300 ci
373 2231 476 2297 ullam
501 2232 572 2295 eius
595 2232 793 2295 defendendi
817 2230 1006 2296 facultatem
1032 2231 1177 2295 babituri
1202 2235 1337 2297 luerint.

310 2352 413 2416 Grou.
434 2347 637 2443 improbata
673 2347 766 2414 Man.
808 2347 1029 2437 explicatione
1069 2348 1161 2414 iubat
1201 2351 1333 2415 audire:

308 2470 366 2557 „ab
387 2476 459 2555 apro
483 2469 625 2537 Curione
644 2471 886 2547 intercessum,
926 2470 1077 2557 quicquid
1103 2471 1138 2533 ia
1161 2468 1338 2545 Caesarem

308 2586 480 2652 statuent.‘¹
528 2587 618 2670 Ergo
643 2584 712 2649 Cic.
736 2586 800 2650 boc
819 2586 916 2649 dicit:
939 2588 986 2669 „si
1001 2585 1103 2650 Curio
1119 2588 1338 2668 intercederet,

307 2726 349 2768 ue
381 2700 505 2769 Caesar
528 2701 576 2766 Id.
599 2700 686 2767 Nou.
712 2700 766 2789 [oz
794 2715 869 2765 aute
898 2702 985 2767 diem
1010 2702 1086 2788 lege
1108 2700 1254 2792 finitam]
1282 2703 1338 2769 de·

307 2824 423 2902 cedat,
451 2819 494 2887 ab
518 2820 731 2908 optimatibus
751 2817 905 2885 omnibus
925 2819 1025 2887 rebus
1050 2818 1215 2911 [tollenda
1236 2821 1339 2887 tribo-

306 2962 424 3005 norom
445 2941 701 3016 intercession03
736 2938 779 3003 ef.
801 2934 899 3005 caes
921 2935 961 3002 Β.
983 2935 1022 3007 C.
1045 2938 1081 3018 l,
1108 2941 1149 3017 b,
1181 2942 1221 3019 7,
1245 2941 1336 3007 Suet.

305 3058 347 3121 U.
371 3057 468 3119 Caes.
491 3056 553 3141 81]
577 3056 793 3139 impedietur,
836 3054 1039 3133 intercedet,
1083 3077 1116 3141 q.
1144 3057 1180 3120 in
1202 3054 1241 3121 (J.
1271 3070 1338 3122 sta·

306 3172 429 3238 tuent‘¹!
452 3171 566 3251 Uides‚
589 3194 685 3259 quam
709 3185 742 3236 et
762 3171 868 3237 libere
892 3183 925 3236 et
948 3172 1072 3236 frustra
1092 3170 1163 3260 lpp.
1186 3176 1250 3237 duo
1275 3174 1336 3239 illa

304 3314 361 3357 uu.
386 3290 566 3377 explieeot.
613 3290 727 3379 Lege:
765 3290 800 3355 C.
823 3288 983 3369 defendet
999 3270 1270 3357 intercessorem:
1306 3298 1340 3356 η·

304 3444 346 3460 -·
368 3430 405 3472 o:
430 3412 475 3495 „si
499 3407 653 3473 Curionis
675 3411 869 3472 intercessio
891 3411 1105 3494 opprimetur,
1130 3408 1167 3473 C.
1193 3432 1238 3479 ex
1259 3408 1337 3473 Gal·

304 3528 352 3593 lia
387 3526 508 3594 redibit
547 3529 711 3612 armisque
746 3529 998 3591 intercessorem
1032 3548 1127 3590 suurn
1166 3527 1334 3592 delendet‘⁴

305 3647 355 3728 (ut
376 3645 454 3708 iecit
471 3646 605 3709 ineunte
623 3640 709 3709 anno
726 3642 889 3730 proximo,
910 3665 1010 3729 quum
1026 3642 1138 3721 Curio,
1160 3641 1337 3722 Antonius,

305 3758 441 3824 Cassius
464 3759 596 3827 sublata
617 3762 853 3831 intercessione
876 3759 917 3822 ad
942 3779 1016 3822 eum
1036 3756 1274 3841 profugissent,
1292 3759 1336 3822 ci.

216 3910 221 3917 ·
305 3874 401 3940 Caes.
423 3875 461 3940 B.
483 3876 521 3942 C.
544 3877 581 3959 l,
610 3882 651 3957 b,
685 3877 754 3940 Cio.
776 3878 867 3940 Faus.
893 3872 999 3948 xvi,
1033 3874 1093 3949 11,
1129 3871 1221 3937 Soet.
1246 3871 1269 3937 l.
1293 3873 1336 3957 l.)

305 3992 479 4079 cav111,
518 4001 577 4077 1o,
608 3998 649 4073 2,
682 3993 738 4058 ubi
761 3991 830 4054 Md.
855 3988 1039 4065 referretur
1059 4010 1093 4074 p.
1117 3986 1271 4065 referret.
1292 4026 1334 4039 -

305 4110 428 4179 Contra
452 4116 490 4181 F.
510 4113 580 4192 Vl,
615 4115 674 4191 la,
706 4115 749 4190 2,
779 4107 836 4174 ubi
859 4130 905 4174 ex
926 4094 1161 4174 Mu'ebsu'rde
1190 4105 1332 4194 legitur:

304 4225 467 4310 „Quorum
494 4229 646 4310 (fratrum
670 4233 817 4311 tuorum)
845 4252 876 4315 q.
900 4244 933 4297 et
956 4233 1082 4297 uirtute
1101 4238 1134 4295 et
1148 4230 1279 4311 pietate
1297 4236 1331 4289 et
