3000 4875
365 366 414 444 ³2

302 572 407 651 euim,
432 590 491 634 eur
521 565 591 634 Cio.
619 587 720 656 quum
752 567 911 644 naturali,
941 580 1010 636 tum
1041 568 1195 659 legitimo
1218 572 1333 640 ordine

301 686 453 773 neglecto
485 688 656 771 scripserit
676 707 721 766 u,
750 706 840 765 uere,
870 708 943 771 arg.
965 721 1009 737 -
1029 686 1096 767 IX,
1116 690 1171 768 22,
1191 692 1214 753 4
1231 690 1333 778 uulgo

302 817 378 870 ante
391 803 432 867 L.
445 801 638 889 legebaturt
658 802 709 868 Et
724 804 854 890 quidem
875 809 941 867 iam
961 823 1027 868 noa
1049 810 1149 869 etium
1173 805 1335 872 odrooereu

301 920 404 987 aerbo
420 942 480 1005 pro
500 920 666 986 odrcoem'r
684 930 770 985 runt.
813 920 1006 988 Ciceronem
1024 921 1087 988 hoe
1106 924 1214 988 dicere
1238 946 1335 1010 aper·

300 1042 462 1104 tissimum
485 1051 549 1103 est:
569 1036 656 1122 „Noa
678 1037 818 1102 ridiculo
842 1038 991 1116 facimus,
1012 1041 1067 1123 qui
1088 1038 1248 1105 honorem
1267 1062 1334 1106 non

300 1156 441 1244 praefati
471 1155 598 1222 seelera
629 1157 777 1222 maxime
800 1155 926 1219 nefaria
957 1176 1138 1234 narramus,
1160 1156 1201 1219 de
1223 1156 1335 1222 libidi-

301 1296 455 1339 nosarum
472 1272 645 1338 mulierum
661 1272 799 1359 flagitiis
814 1271 971 1337 honorem
986 1273 1184 1355 praefamur,
1206 1283 1240 1336 et
1262 1276 1335 1359 qui·

301 1393 376 1458 dem
396 1414 462 1457 non
483 1390 589 1456 nolum
613 1413 653 1455 ea
673 1389 776 1454 uerba
795 1411 831 1454 re
855 1409 934 1455 uera
955 1387 1132 1468 obseoena,
1152 1389 1272 1476 quibus
1293 1392 1335 1455 da

305 1511 421 1576 harum
446 1506 614 1573 amoribus
637 1510 772 1585 utimur,
803 1507 861 1571 red
889 1512 987 1570 etiam
1011 1526 1076 1572 noa
1100 1506 1260 1571 obscoena
1285 1510 1335 1591 (ut

302 1627 437 1714 „doluit
461 1625 580 1709 deprit,
601 1646 737 1710 quorum
763 1637 914 1688 neutrum
946 1635 997 1686 eat
1020 1621 1250 1709 obscoenum‘¹)
1273 1647 1335 1708 pro

302 1743 476 1812 obscoenis
493 1740 678 1825 habemur„.
722 1740 835 1818 Quare
851 1741 892 1805 L.
906 1753 1013 1805 reete:
1031 1747 1129 1805 etiam
1148 1762 1213 1806 non
1230 1741 1334 1818 obem

301 1884 377 1930 nam
391 1858 484 1945 uulg·
497 1857 611 1932 leutio,
628 1861 656 1924 ai
674 1857 791 1938 ullum,
807 1858 892 1923 hane
907 1856 1006 1923 habet
1021 1862 1217 1925 senteutiam
1229 1881 1237 1924 ε
1251 1861 1334 1925 “iam

303 1980 402 2043 etiam
426 1998 457 2040 o.
487 1998 520 2038 n.
545 1974 708 2042 obseoena
731 1997 796 2039 non
830 1975 1028 2041 habentur⁴‘!
1049 1975 1147 2053 Quod
1180 1976 1239 2041 0r.
1260 1976 1333 2041 Mu.

301 2094 492 2171 lectionem,
514 2114 610 2180 quam
632 2094 661 2156 ia
681 2093 836 2171 restituit,
855 2093 1125 2176 interrogationis
1145 2095 1242 2179 signo
1260 2106 1336 2179 poet

301 2220 380 2280 tuot
391 2211 499 2297 posito
513 2221 602 2274 reete
617 2229 653 2272 ae
673 2208 797 2274 habere
812 2208 975 2275 affirmat:
996 2223 1033 2273 nt
1048 2213 1192 2275 omittam
1205 2224 1281 2292 post
1300 2221 1336 2276 et

301 2330 429 2417 quidem
458 2329 506 2393 sio
534 2328 606 2391 sine
637 2325 708 2390 ullo
739 2347 812 2391 noo.
836 2329 1075 2413 interrogatiuo
1102 2330 1333 2415 iuterrogatio·

301 2468 376 2515 nem
394 2448 510 2512 inferri
530 2444 623 2509 nullo
648 2445 745 2509 ruodo
768 2466 879 2529 ponae,
904 2447 1056 2532 quoniam
1079 2465 1144 2509 aon
1167 2449 1230 2510 erit
1253 2448 1277 2510 i.
1299 2470 1332 2533 q.

302 2582 430 2641 noune,
461 2561 576 2624 eadem
603 2559 663 2624 illa
693 2559 835 2626 absurda
857 2559 1002 2625 mauebit
1025 2564 1199 2627 sententia.
1220 2599 1261 2614 -
1283 2564 1335 2640 X,

300 2684 354 2761 21,
383 2681 405 2743 4
435 2699 481 2742 ex
511 2680 697 2742 necessaria
718 2676 798 2740 Ern.
823 2680 909 2742 ooni.
936 2684 1054 2742 uoot‘ar'a
1077 2691 1110 2743 et
1131 2685 1259 2743 amittit
1283 2682 1335 2743 in·

302 2814 352 2866 ter
376 2820 413 2863 se
435 2794 678 2880 transponenda
699 2806 787 2857 suut.
830 2793 937 2860 Nemo
963 2798 1050 2863 enim
1073 2796 1240 2860 Romanus
1265 2810 1333 2861 tam

303 2916 479 2983 absurdum
500 2914 674 2999 quidquam
698 2911 807 2975 dicere
827 2913 935 2998 potuit
953 2934 1050 2999 quam
1072 2911 1155 2977 iilud
1177 2926 1245 2979 est:
1272 2913 1335 2996 „ci-

300 3055 360 3097 nea
391 3052 452 3114 pro
480 3034 594 3112 putria
616 3029 649 3110 (a
671 3028 792 3113 patria)
813 3030 957 3093 πίεσθ’.
1006 3030 1146 3099 Romani
1168 3029 1333 3108 dicebant,

302 3161 339 3212 ut
363 3166 442 3210 uos:
477 3164 552 3229 „pro
575 3165 608 3228 p.
635 3143 804 3223 occidere,
840 3145 963 3225 recidi,
993 3160 1129 3211 mortem
1163 3159 1333 3232 oppetere,

301 3263 365 3329 al.‘'
412 3260 464 3330 Cf.
490 3262 589 3325 etiarn
611 3257 701 3338 ΧΠ,
730 3262 795 3342 30,
824 3263 847 3325 4
875 3262 964 3346 quod
992 3272 1027 3325 et
1047 3261 1141 3326 urbm
1163 3259 1264 3346 [adde
1287 3282 1334 3325 ex

299 3382 341 3449 L.
361 3383 446 3448 noni.
467 3376 533 3467 ert]
555 3385 689 3444 tenatur
707 3378 894 3444 courulibm
916 3384 1055 3442 ammae.
1085 3412 1126 3433 -
1156 3380 1204 3457 X,
1226 3381 1280 3457 30,
1311 3380 1334 3441 4

302 3521 348 3564 ex
378 3502 513 3596 antiqua
544 3500 647 3579 euni,
680 3499 715 3563 in
742 3519 840 3585 quam
864 3493 1015 3583 Madnig.
1053 3516 1182 3584 quoque
1206 3495 1332 3569 incidit,

303 3653 504 3667 m

407 3746 453 3791 tur
472 3738 677 3791 consultationi.
714 3737 852 3791 Ouidii.
865 3736 946 3802 XIV,
963 3743 1016 3792 217
1035 3742 1091 3793 leto
1108 3756 1271 3811 pacaturque
1286 3739 1336 3802 m),

404 3831 467 3900 leqe
484 3829 608 3892 Ueturio,
631 3829 693 3884 Art
711 3827 758 3891 Χ,
778 3833 829 3891 18,
848 3832 862 3879 l
882 3828 914 3881 in
934 3829 997 3883 odd.
1018 3830 1097 3884 notis
1117 3832 1222 3883 maiore
1234 3846 1263 3899 p.
1276 3846 1334 3878 erta-

403 3922 474 3979 e'orr',
499 3918 538 3985 jb.
560 3924 610 3984 12,
639 3919 704 3972 lin
720 3917 797 3982 Md,
829 3936 857 3972 u.
877 3936 915 3980 o.,
943 3921 977 3981 Β.
997 3941 1059 3975 cerm
1076 3924 1128 3974 lroo
1145 3940 1223 3974 mure
1249 3922 1334 3989 (quae

404 4009 497 4065 torma
516 4008 652 4064 Ciceroni
671 4009 862 4064 ahiudioanda
880 4013 947 4079 eet),
965 4011 1003 4075 V,
1018 4017 1065 4076 21,
1080 4017 1114 4064 12
1131 4012 1163 4064 in
1174 4010 1234 4065 Md.
1250 4010 1334 4081 frore

406 4105 442 4157 dr
463 4110 536 4157 erret
558 4100 612 4169 (es.
628 4099 704 4157 Phil.
721 4102 809 4168 vlu,
828 4106 880 4169 11,
905 4106 940 4158 33
964 4103 1078 4178 inipoa
1097 4101 1258 4159 sententiae
1275 4100 1335 4154 for·

405 4192 482 4246 mula
498 4191 603 4262 fraudi
619 4212 655 4251 ne
673 4196 733 4262 rit).
