3000 4875
367 403 417 481 9'8

307 612 368 707 pru
390 614 587 700 ,ceciditque
602 611 701 676 belle.
725 608 952 676 Secessi-0
975 614 1123 698 suupimr
1134 612 1340 677 scribendum

309 755 401 801 esse:
433 756 461 797 c.
483 731 513 796 i.
537 728 677 794 Scilicet
697 749 776 792 curu
806 730 1000 813 (exponitur
1022 732 1109 794 enim
1132 750 1245 805 causa,
1273 752 1342 808 eur,

309 854 395 940 quod
410 851 459 916 illi
481 849 728 926 remansissent,
750 844 838 909 belle
854 846 1040 922 cecidisset,
1059 860 1137 912 uota
1157 860 1209 911 est
1231 859 1341 911 aurem

308 971 457 1034 confusio
487 963 587 1052 perit.
618 985 663 1028 ec.
685 976 718 1028 et
739 963 800 1028 ced
819 962 886 1046 (⁸3)
912 965 939 1047 )‚
958 976 999 1028 ut
1022 963 1117 1042 XIV,
1141 969 1199 1042 lu,
1221 966 1254 1043 3,
1283 962 1341 1026 ubi

307 1091 379 1152 sine
401 1107 471 1149 uer.
502 1083 643 1168 legitur:
677 1080 791 1163 „Quod
815 1083 957 1166 quaeris,
989 1083 1098 1146 iamne
1129 1082 1182 1145 ud·
1204 1094 1341 1145 eculeum

308 1203 507 1269 Cluuianum
530 1199 717 1286 [praedium
732 1197 926 1283 perductum
943 1201 986 1262 sit
1000 1219 1027 1262 οε
1041 1202 1152 1263 iamne
1166 1199 1340 1286 quaternis

307 1323 383 1385 iude
409 1320 492 1384 mihi
514 1317 650 1381 redeunt
673 1315 733 1381 HS
763 1315 839 1405 C.]:
873 1319 1051 1383 aduentare
1075 1315 1134 1404 [ad
1156 1337 1229 1382 eum
1253 1333 1340 1380 sum·

308 1460 394 1504 mam
426 1456 528 1519 prope
559 1433 736 1513 acced'ere3
769 1436 811 1499 cf.
833 1438 887 1509 11,
911 1434 950 1521 2]
984 1434 1132 1509 uidetur3
1154 1434 1214 1498 sed
1233 1436 1338 1518 primo

307 1579 394 1622 auno
420 1553 464 1642 [οε
487 1551 675 1626 luo-71⁰3
704 1550 745 1615 cl.
772 1551 871 1628 XIII,
892 1555 946 1630 46,
966 1547 1005 1637 3]
1039 1547 1179 1615 LXXX
1201 1551 1339 1614 detersi·

308 1697 380 1739 mus
401 1671 466 1759 [ex
487 1692 530 1753 ‚eo
555 1666 786 1756 recepimus]‘¹‚
818 1687 892 1755 ego,
916 1670 1070 1755 queniam
1096 1689 1161 1732 nun
1184 1668 1340 1731 contrarii

307 1792 483 1879 quidquam
508 1787 711 1872 adiungitur,
740 1786 799 1850 sed
825 1787 934 1864 ceusu,
968 1805 1025 1848 cur
1047 1785 1088 1849 ud
1111 1782 1139 1848 C
1159 1783 1339 1847 aduentare

305 1910 412 1974 uideri
442 1907 579 1981 dicutur,
617 1925 678 1989 pro
710 1902 771 1967 red
799 1901 908 1967 scribo
938 1922 984 1965 ec.
1020 1938 1052 1948 -
1078 1901 1129 1965 De
1159 1907 1205 1965 rit
1223 1903 1257 1964 iu
1279 1901 1339 1964 red

306 2028 486 2112 deprauuto
518 2021 592 2086 dixi
621 2023 656 2084 iu
687 2018 788 2084 Obss.
821 2019 855 2082 in
884 2020 1028 2084 Sestium
1060 2041 1092 2104 p.
1109 2020 1250 2091 47-48,
1281 2016 1339 2081 uhi

306 2166 351 2207 ex
373 2141 511 2204 Graeuii
533 2139 618 2201 cuni.
632 2137 699 2199 Ait.
713 2135 776 2215 IV,
786 2137 853 2216 5,2
876 2158 935 2221 pro
957 2138 1077 2219 „Finis
1102 2133 1337 2220 sedquoniam

309 2262 362 2309 -I
395 2254 603 2322 scribendum
632 2249 675 2319 F·
703 2258 749 2316 eit
774 2250 813 2327 Q.
837 2252 933 2317 docui
974 2252 1029 2327 (ci.
1052 2254 1098 2329 X,
1122 2254 1153 2330 4,
1178 2256 1209 2331 1,
1238 2265 1270 2316 et
1297 2254 1337 2316 de

306 2376 403 2464 „quid
423 2375 470 2439 ud
498 2370 570 2453 loc,
599 2374 628 2436 si
661 2370 714 2418 -“
747 2368 813 2450 XI,
837 2372 891 2445 24,
914 2370 959 2454 3).
1002 2369 1092 2433 Idem
1125 2370 1277 2434 mendum
1302 2371 1336 2434 iu

303 2494 373 2559 Md.
397 2505 448 2557 est
469 2489 564 2568 VIII,
585 2493 619 2564 7,
639 2492 678 2563 13
701 2489 741 2553 cf.
764 2488 863 2569 XVI,
884 2491 915 2568 3,
933 2491 955 2551 4
974 2500 1006 2551 et
1023 2489 1056 2567 5,
1078 2486 1134 2552 ubi
1152 2486 1235 2567 Mu,
1253 2491 1338 2554 sieut

304 2611 366 2690 lv,
387 2610 420 2688 5,
441 2610 464 2669 2
484 2618 518 2670 et
541 2604 635 2684 VIII,
651 2608 683 2685 1,
704 2607 738 2683 3,
761 2604 821 2669 red
840 2626 871 2689 p.
894 2610 934 2684 ri,
956 2603 1056 2685 XIII,
1074 2603 1193 2685 lumbi
1216 2626 1246 2667 z.
1267 2602 1337 2671 Md.

252 2700 255 2707 ¹
304 2739 417 2793 contra
441 2730 474 2788 ei
492 2747 523 2810 p.
546 2722 652 2806 ΜΝ)

304 2930 504 2947 -μ

359 3067 385 3130 ¹)
411 3062 455 3114 lie
466 3059 585 3201 culmi)
607 3066 712 3113 etsunt
731 3065 772 3128 (st
783 3078 849 3115 cum
857 3061 924 3130 lin.)
943 3060 1074 3115 cuulirsis
1089 3060 1129 3116 ei.
1143 3062 1230 3122 obss.
1248 3083 1279 3137 p.
1290 3069 1334 3135 44,

460 3148 512 3204 ,Χ
529 3148 557 3202 II
649 3154 668 3201 2
745 3150 751 3164 ⁸
832 3190 839 3206 .
1132 3194 1138 3208 .

405 3152 642 3299 ‘gitglfflmfflt
668 3150 834 3313 ἓξὲξ
854 3153 1333 3317 θαῗῖἴίἷὲἶιῖαξιῑῖἰᾱθςίῇῗ

406 3344 436 3390 ct
453 3349 506 3404 ego
527 3331 579 3400 (ei.
598 3333 635 3387 ud
652 3332 718 3388 rin.
739 3354 769 3407 p.
787 3337 852 3403 818)
871 3334 1059 3392 correximus.
1097 3337 1175 3392 Idem
1198 3340 1334 3393 mendum

404 3427 451 3482 bis
469 3423 631 3479 tollendum
651 3432 696 3479 cst
713 3426 745 3480 F.
757 3424 838 3497 XIII,
850 3431 894 3482 28.
936 3427 1055 3501 Legitur
1068 3428 1145 3482 euim
1159 3433 1176 3496 §
1192 3434 1222 3483 l:
1243 3448 1333 3502 „quae
1416 3416 1421 3426 ⁸

403 3517 475 3572 milri
504 3518 599 3571 omnia
626 3526 715 3589 gratu,
743 3520 796 3573 sed
818 3518 854 3572 de
884 3518 914 3572 L.
940 3520 1082 3575 Mescinio
1113 3522 1204 3593 [quud
1222 3521 1330 3591 fecisti]

403 3609 626 3680 gratissimum.
670 3609 878 3665 Ser-ibenium:
917 3640 969 3681 n-
992 3618 1075 3684 grute
1100 3622 1178 3677 suant,
1209 3614 1245 3667 dc
1262 3615 1330 3682 -¹‘;

404 3716 497 3772 neque
515 3700 592 3754 euim
610 3708 677 3774 epte
695 3711 740 3758 est
760 3702 864 3758 uuiuers
892 3711 967 3776 part.
989 3703 1156 3773 (dicendum
1176 3703 1235 3757 suit
1254 3707 1282 3757 d.
1298 3705 1330 3759 L.

404 3794 444 3845 M.
465 3799 626 3847 autemut
659 3811 759 3866 „quum
777 3794 872 3848 omnia
890 3813 927 3867 g„
954 3805 1010 3850 tum
1026 3793 1062 3848 dc
1079 3795 1153 3862 Α),
1171 3812 1266 3867 neque
1286 3795 1330 3850 sic

402 3883 433 3937 iu
454 3881 585 3938 relatiuis
612 3892 685 3943 sent.
713 3902 740 3938 u.
774 3905 834 3941 esse
859 3886 954 3941 omitti
983 3885 1065 3940 solet.
1113 3884 1173 3954 (cf.
1193 3886 1232 3949 X,
1251 3892 1277 3957 3,
1298 3893 1328 3941 1ι

403 3974 503 4044 „Quae
514 3976 610 4031 omniu
627 3976 699 4031 milri
712 3976 848 4047 iucunde,
866 3977 923 4032 lmc
941 3986 1097 4033 extremum
1112 3978 1198 4033 etium
1216 3988 1329 4051 gratum

401 4065 505 4135 suisa).
551 4069 624 4125 lhiu
653 4073 705 4139 §2
730 4069 781 4123 Or.
807 4087 840 4124 ex
857 4069 918 4129 Md.
939 4071 1074 4144 scripsit:
1101 4071 1207 4141 „uelim
1223 4087 1328 4144 eugeus

401 4187 437 4199 —
454 4157 595 4217 beneficia
612 4164 738 4218 erunibus
754 4159 942 4233 rebussqure
962 4171 990 4217 te
1010 4171 1097 4217 erunt
1117 4162 1233 4234 dignus.
1269 4164 1330 4218 Sed

401 4251 465 4312 due,
493 4269 566 4326 quae
584 4260 613 4310 te
630 4251 801 4310 nominatim
820 4256 914 4324 rugel.
950 4253 1092 4311 Uiticsrm
1119 4270 1183 4314 esse
1210 4253 1327 4327 ellipsin

1483 2442 1485 2527 i
