3000 4875
1097 400 1148 472 57

174 599 428 685 renisuripsit:
448 597 552 683 „quod
568 601 676 686 magis
698 600 835 687 placent
849 635 911 685 -,
925 601 930 612 ’
943 625 1009 669 nou
1032 606 1132 674 tacito
1151 613 1206 675 in.

174 717 335 784 ueneris&
356 754 416 780 —.
463 714 509 782 Ut
527 738 567 781 eo
587 715 682 798 locu,
713 720 801 785 nude
833 722 1009 809 degressus
1038 725 1132 807 sum}
1156 730 1205 794 sie

175 834 247 901 nn.
265 835 337 914 lx,
358 835 421 911 12,
441 835 481 911 4,
502 833 561 898 ubi
580 832 719 926 legitur:
753 836 879 920 „Nulla
909 863 946 905 re
974 845 1041 907 iem
1070 865 1205 929 possent

175 958 306 1030 tenni,
328 953 388 1037 qui
407 974 449 1016 ne
472 953 552 1033 uncini
573 965 682 1039 optem
704 956 835 1039 quidem
853 958 918 1022 ianr
939 957 1056 1046 [quum
1071 961 1206 1047 „rictum

176 1069 259 1157 αθ]
284 1063 409 1148 habeo,
431 1075 500 1133 nien·
519 1082 555 1133 ut
577 1103 621 1119 -
642 1070 678 1150 ⁴¹,
699 1094 746 1137 ex
768 1074 848 1139 Ern.
869 1079 955 1140 noni.
975 1077 1074 1142 scrib.
1099 1079 1205 1163 φ’ωᾰς

177 1188 219 1253 ef.
240 1187 278 1251 F.
299 1186 361 1266 VI,
380 1189 414 1266 ²,
436 1189 469 1266 3,
491 1184 565 1250 Cet.
583 1185 632 1252 Μ.
653 1191 704 1265 lu,
725 1193 787 1255 ὥς
819 1190 883 1274 ᾗΑι
912 1214 1020 1256 senex
1049 1197 1207 1281 nequod

177 1303 246 1390 [sie
265 1304 369 1389 Reg.,
392 1303 463 1368 Erf.
487 1307 652 1390 ceterique
674 1304 753 1370 boni
775 1306 864 1383 etid03
888 1309 1088 1375 dett.'uonn.
1110 1312 1209 1401 quid]

175 1432 287 1509 spuet
310 1419 441 1506 quidem
464 1419 591 1485 nabes.
871 1479 874 1482 .

189 1567 194 1580 ·
260 1537 363 1623 une
383 1536 401 1620 §
423 1540 456 1601 8.
498 1537 658 1624 Equidem
689 1539 729 1604 de
759 1541 898 1629 Sulpicii
930 1543 1111 1611 Latinitate
1140 1560 1208 1628 tarn

178 1655 266 1721 mele
287 1675 353 1718 nou
373 1655 503 1734 iudice,
531 1667 568 1719 ut
593 1657 675 1742 rnihi
700 1660 901 1744 persuadere
922 1666 1045 1749 possim
1067 1663 1109 1728 ub
1134 1667 1209 1751 ipsu

178 1782 227 1845 sie
254 1780 412 1864 seriptum
441 1793 531 1838 esse:
564 1772 636 1855 „Au
667 1786 704 1838 ut
734 1810 778 1826 -·-
802 1776 927 1845 liberos
950 1815 992 1831 -
1014 1781 1211 1867 pareret-

179 1899 236 1984 qui
269 1933 312 1947 -
341 1908 454 1959 tenere
481 1899 636 1976 possent,
672 1889 816 1958 honores
838 1898 908 1960 ord.
929 1903 1217 1981 neutericum,-

180 2015 275 2078 inre
305 2036 357 2098 μ,
388 2012 423 2073 ἰιι
454 2010 634 2074 amicorum
665 2012 808 2096 negotiis
838 2011 993 2077 libertate
1024 2035 1085 2079 suu
1115 2016 1218 2102 affl

180 2130 249 2196 Diu
272 2142 306 2193 et
327 2128 541 2192 uehementer
562 2124 672 2207 Men,
708 2130 851 2220 optimus
874 2129 934 2194 ille
957 2131 1087 2216 quidem
1109 2133 1212 2196 iuter·

179 2268 276 2335 pres,
299 2221 358 2311 sed
379 2247 515 2310 nimium
539 2245 648 2310 facilis
671 2247 820 2312 codicum
841 2241 1051 2327 aestimetur,
1075 2249 1116 2312 de
1141 2246 1210 2313 lee-

181 2367 282 2429 tionis
296 2364 437 2428 ueritate
451 2339 644 2438 dubitabat}
660 2364 703 2427 ed
718 2377 906 2430 extremum
925 2387 971 2428 ex
988 2364 1212 2451 (interpolato)

182 2484 297 2569 Sigon.
311 2481 362 2544 cd.
385 2483 516 2567 scripsit
536 2488 725 2558 utacum,
752 2491 789 2542 ut
814 2480 851 2546 C.
872 2481 912 2546 L.
935 2504 1005 2569 sqq.
1029 2478 1213 2548 Mart-Lu·

182 2624 272 2691 gena
282 2598 410 2663 leniore
421 2596 564 2685 quidem,
574 2595 631 2661 sed
642 2619 743 2682 prauo
756 2599 919 2664 remedio:
935 2607 1007 2663 usi·
1018 2604 1213 2693 quasiueru,

183 2742 257 2785 eum
278 2754 321 2768 -
343 2719 397 2781 usi
424 2729 546 2795 essent,
578 2733 647 2779 turn
680 2715 824 2802 denique
850 2721 1050 2802 —petituri
1080 2720 1215 2786 fuerint.

183 2840 256 2925 Ego
274 2833 482 2900 scribonium
500 2854 575 2896 esse
591 2837 687 2896 usuri
700 2832 804 2897 multo
825 2848 902 2897 ente
915 2838 1102 2920 suspicatus
1113 2856 1215 2916 erem,

184 2975 282 3042 quam
314 2974 360 3017 ex
382 2949 518 3016 Graeuii
547 2949 598 3013 ed.
622 2950 690 3013 uidi
719 2952 754 3013 in
782 2950 919 3015 eundem
948 2953 1035 3015 euni.
1060 2953 1216 3019 incidisse

184 3070 411 3137 Guilelmium.
454 3067 564 3146 Quum
584 3070 670 3133 inter
688 3089 749 3133 rua
768 3081 801 3132 et
820 3075 876 3133 uri
894 3070 1077 3135 excidisset
1098 3092 1149 3153 us,
1168 3094 1216 3137 ex

184 3195 241 3256 uri
263 3190 385 3254 factum
420 3199 471 3252 est
502 3193 563 3251 uti.
586 3222 629 3235 -
655 3188 811 3273 Sequitur
840 3186 940 3272 paulo
970 3201 1059 3272 pust:
1090 3189 1153 3272 „At
1172 3225 1216 3237 -

184 3305 309 3371 melum
342 3312 393 3368 ert
419 3301 544 3366 liberos
575 3306 749 3367 emitteret
774 3301 904 3367 Melum
935 3305 1040 3385 (est).·
1064 3306 1129 3366 nisi
1152 3304 1217 3368 hue

183 3423 280 3509 peius
302 3425 357 3498 rit,
378 3419 460 3482 haee
479 3453 523 3465 -
543 3417 698 3502 perpeti⁴¹.
740 3415 846 3481 Miror
866 3420 1084 3482 certissimum
1107 3418 1217 3483 solue·

186 3540 324 3611 nisrnurn
351 3558 371 3598 u
393 3532 486 3596 nullo
515 3553 589 3596 esse
617 3544 798 3599 correctum
823 3532 1014 3596 scribendo:
1028 3539 1129 3618 peius
1159 3543 1219 3601 ert.

179 3654 239 3741 ¹De
262 3656 316 3734 iis,
338 3673 423 3739 quae
445 3653 510 3716 iem
536 3662 603 3714 tum
628 3647 884 3724 sufferebantur,
908 3651 1046 3716 Seruius
1066 3656 1113 3715 sit
1133 3652 1216 3736 (fere

185 3803 225 3831 ==
246 3792 320 3836 esse
350 3780 460 3855 potest
487 3789 514 3833 s.
539 3768 614 3850 erit)
646 3765 792 3831 seribere
823 3789 888 3832 nun
921 3769 1037 3854 potuit.
1082 3768 1220 3856 Excipit

187 3912 247 3978 per
269 3894 345 3968 nisi,
361 3889 390 3966 ¹)
412 3888 499 3976 quod
527 3895 593 3950 tum
625 3885 730 3950 maius
752 3874 876 3951 rnelum
898 3909 971 3952 esse
993 3885 1219 3968 existimabat,

233 4134 257 4200 ¹)
292 4130 338 4186 Gi.
357 4130 535 4186 simillimum
551 4130 623 4195 lun,
647 4129 683 4185 ed
701 4128 762 4185 Art.
781 4129 841 4194 xl,
858 4134 909 4193 28,
937 4133 970 4191 1;
996 4129 1089 4198 „Tuas
1106 4129 1219 4185 litteras

294 4223 505 4296 monim:
536 4224 594 4281 nisi
619 4224 649 4297 [y
674 4239 774 4282 errore
798 4219 1034 4295 frequentissimo
1049 4224 1081 4277 ni
1097 4224 1154 4286 sir,
1183 4226 1219 4275 ut
