3000 4875
1120 328 1169 398 53

192 530 264 609 lira,
281 534 374 613 puto,
390 525 548 615 quaeris.¹⁴
570 530 624 596 Aa
638 534 708 618 ipse
718 534 813 599 dicit:
830 530 908 615 ,Da
925 532 1004 595 mihi
1016 533 1146 617 aliquid
1155 547 1226 598 tuo-

191 667 263 710 rum
274 648 484 732 pomorum‘⁴t
504 649 543 713 L.
556 664 644 716 reete
658 652 824 737 aliquod.
837 648 863 731 ι)
885 647 952 714 cfr.
969 652 1021 729 10,
1037 653 1070 730 3',
1086 651 1144 715 ubi
1154 652 1224 717 Md.

232 947 256 1015 ¹)
292 947 369 999 Uict.
389 966 477 1020 quum
497 949 620 1005 uidisset
639 952 728 1007 uerba
749 952 861 1024 Aliquid
883 982 916 994 -
945 958 1054 1006 restare
1073 958 1128 1009 cet,
1148 951 1224 1005 nihil

291 1037 406 1100 habere,
423 1042 501 1096 unde
513 1044 683 1115 penderent,
700 1042 916 1118 transponendo
934 1042 1066 1114 scripsit=
1085 1077 1100 1112 n
1112 1074 1147 1083 —
1157 1063 1222 1116 pro-

274 1128 358 1192 dat,
381 1130 478 1194 uelim
507 1133 561 1195 0.,
586 1153 633 1206 p.,
664 1136 708 1206 (γ’
754 1135 813 1188 Sed
833 1134 950 1188 Caelius
970 1136 1053 1187 eelim
1073 1143 1141 1205 post
1159 1152 1222 1188 sen-

284 1221 412 1288 tentiam
441 1224 640 1278 secundariam
669 1225 784 1278 demum
815 1239 875 1279 non
898 1223 1054 1296 posuisset.
1107 1225 1222 1280 Scribe:

297 1312 365 1363 Uolo
385 1315 491 1383 aliquid
509 1322 563 1368 eet.
604 1316 677 1372 Nam
693 1316 821 1369 Manutii
838 1315 1009 1387 explicatio,
1028 1333 1061 1370 cx
1073 1335 1222 1389 uu.·supe·

290 1402 433 1456 rioribus:
454 1405 512 1471 Qui
530 1407 585 1459 tihi
603 1408 681 1460 istuc
704 1410 732 1478 [a
747 1425 793 1460 mc
809 1415 919 1480 petere,
936 1413 970 1459 ιιι
987 1435 1023 1450 -
1042 1407 1078 1461 ad
1099 1415 1127 1462 te
1150 1406 1221 1466 σι’ντ.

193 1502 200 1510 ’
290 1495 483 1567 conscribam]
512 1496 545 1551 in
571 1506 696 1553 mentem
723 1500 807 1553 uenit
831 1530 867 1539 -
891 1500 930 1551 tl
954 1498 1081 1570 intelligi
1101 1503 1175 1554 ocnit
1193 1504 1222 1554 iu

291 1595 416 1654 arentem,
442 1588 574 1644 Caelium
599 1591 723 1647 absurde
748 1591 893 1645 dicentem
916 1590 1006 1654 iacit,
1035 1592 1092 1644 iam
1109 1599 1222 1647 exstare

191 1737 195 1742 ,
291 1680 411 1752 aliquod
430 1699 507 1735 mon.
526 1683 563 1736 ad
580 1701 612 1737 se
630 1683 840 1754 conscriptum·
878 1683 978 1755 Neque
995 1700 1066 1736 uero
1085 1701 1138 1755 per
1155 1703 1221 1738 ana-

291 1772 449 1828 coluthiam
467 1774 608 1849 quandam
625 1776 667 1832 ita
685 1777 796 1830 dictum
813 1792 877 1829 esse
898 1775 1010 1847 opinari
1027 1774 1116 1840 lieet,
1138 1776 1221 1849 quasi
1321 1835 1323 1838 ,

191 1863 197 1874 '
288 1881 375 1936 supra
393 1867 531 1937 scriptum
549 1875 626 1920 esset
643 1870 706 1921 nolo
725 1886 778 1940 pro
802 1886 820 1922 a
841 1876 867 1921 te
883 1875 948 1936 peto
965 1873 1015 1920 aut
1033 1869 1077 1921 oia
1096 1886 1149 1939 pro
1170 1870 1223 1921 tibi

288 1958 317 2007 in
336 1975 370 2013 m.
390 1960 475 2011 uenit.
510 1957 630 2011 Excidit
645 1958 677 2010 in
687 1956 760 2025 Md,
779 1964 814 2010 ut
824 1960 914 2011 multa
927 1959 982 2011 alia
995 1959 1109 2029 singula
1121 1958 1220 2023 uerba,

288 2048 332 2103 sio
356 2050 385 2105 h.
403 2049 423 2103 l.
440 2051 505 2103 uolo
524 2050 603 2103 inter
620 2068 637 2102 o
656 2058 685 2104 et
701 2051 751 2104 ali.
772 2049 820 2104 Cf.
838 2050 892 2113 lx,
909 2051 953 2113 la,
971 2050 1022 2103 ubi
1041 2069 1140 2105 omnes
1160 2052 1219 2105 sic:

284 2141 392 2209 ,amieo
410 2123 614 2198 munusculum
634 2141 750 2196 mittere
768 2143 848 2195 nolui
865 2140 929 2211 [Or.
942 2142 1065 2213 [ιιοιιιιΊ]
1088 2142 1217 2197 leuiderr-

287 2237 344 2296 εει,
367 2252 457 2306 quum
473 2235 505 2288 in
526 2233 585 2289 Md.
604 2253 665 2289 non
685 2234 724 2287 sit
742 2234 828 2308 uolui,
849 2233 928 2304 quod
945 2233 1016 2286 mihi
1034 2234 1133 2307 potius
1151 2241 1219 2305 post

285 2327 362 2378 oliam
385 2326 528 2379 excidisse
547 2326 673 2379 uidetur.
721 2323 804 2386 vul,
824 2329 856 2387 9,
877 2329 910 2385 5,
934 2324 986 2377 uhi
1014 2325 1064 2379 Or.
1087 2325 1219 2396 scripsit:

287 2415 371 2486 ,†1‘.
399 2423 467 2470 tuus
486 2423 583 2488 aperte
602 2416 755 2470 Caesarem
778 2420 808 2468 et
831 2413 1012 2486 prouinciam
1029 2421 1128 2471 tencre
1154 2434 1219 2472 curn

287 2509 417 2564 exercitu
434 2516 464 2563 et
482 2508 630 2563 consulem
650 2523 713 2562 esse
733 2506 812 2576 [Md‚
829 2510 926 2565 consid
943 2526 999 2562 cru.
1013 2511 1111 2579 esseP‘,
1130 2529 1219 2583 ῳιιιιιι

285 2609 335 2656 aut
352 2603 385 2656 in
402 2610 499 2672 operte
516 2592 606 2655 latere
625 2619 711 2674 aegre
725 2603 788 2668 sert
804 2608 920 2674 putaret
938 2600 1037 2675 (quusi
1055 2619 1126 2657 uero
1148 2602 1217 2657 Gae-

283 2713 330 2748 sar
347 2695 405 2749 iam
423 2702 484 2749 tum
502 2695 604 2750 consul
623 2695 731 2759 iucrit;
766 2694 940 2767 quodecim
961 2695 1026 2767 quis
1045 2712 1131 2766 aegre
1143 2698 1218 2763 sert,

283 2787 314 2840 id
339 2786 397 2840 iam
423 2795 473 2839 aut
501 2788 609 2840 factum
636 2793 681 2841 est
698 2793 748 2839 aut
766 2786 813 2853 fit)
833 2793 884 2839 aut
901 2794 969 2859 post
986 2794 1083 2855 operte
1104 2804 1133 2839 u.
1150 2805 1215 2855 pro-

283 2879 359 2932 hibet
377 2885 499 2950 propter
516 2878 656 2931 ductuum
673 2876 893 2931 similitudinem
911 2895 977 2930 cum
997 2885 1025 2930 et
1041 2894 1121 2946 prou.
1142 2878 1217 2931 exei-

189 3038 193 3049 δ
282 2970 361 3026 disse
373 2971 470 3046 (quasi
478 2970 516 3036 is,
535 2971 585 3044 qui
602 2970 682 3043 ,ipse
698 2969 774 3024 lianc
792 2969 964 3023 sententiam
990 2967 1082 3033 dixit,
1104 2970 1217 3024 nullum

283 3065 335 3116 lece
354 3071 475 3139 tempore
493 3069 587 3121 sctum
599 3063 648 3135 (dc
658 3062 877 3139 prouinciarum
893 3061 1089 3131 successione)
1108 3063 1215 3119 iacien-

282 3154 367 3209 duml
392 3156 450 3210 iam
477 3164 538 3210 tum
563 3164 661 3228 aperte
679 3154 865 3227 prohibuerit
882 3155 1051 3225 „Caesarem
1069 3187 1104 3197 -
1123 3158 1214 3218 essen,

190 3276 194 3285 ·
284 3254 344 3312 aut,
371 3248 397 3301 si
416 3254 536 3320 propter
555 3256 582 3300 et
597 3266 680 3316 prou.
701 3246 857 3301 excidisset
873 3249 1020 3317 prohibet,
1045 3267 1105 3301 non
1128 3249 1215 3301 simul

285 3340 363 3393 Coei.
381 3345 416 3392 ιιι
437 3338 583 3393 excideret
600 3338 733 3392 futurum
752 3336 867 3404 fucrit),
883 3353 936 3407 ego
956 3342 990 3390 ex‘
1002 3339 1032 3391 L
1053 3340 1130 3392 coni.
1147 3344 1216 3409 post

281 3437 377 3499 aperte
406 3428 479 3481 addo
506 3447 560 3481 non
585 3432 647 3483 nult
670 3447 694 3482 o:
715 3429 781 3482 Etsi
812 3433 943 3498 apertum
977 3436 1023 3482 est
1046 3430 1215 3500 Pompeium

281 3520 361 3573 nolle
383 3519 534 3572 Caesarem
559 3548 594 3562 -
624 3536 687 3576 esse
714 3517 766 3586 (cf.
787 3521 850 3582 s‚4
876 3518 976 3589 pplane
991 3526 1139 3587 perspecto
1158 3519 1211 3574 Cn.

279 3612 377 3683 Pomp.
404 3613 549 3665 uoluntate
576 3615 680 3680 cett),
714 3617 809 3664 tamen
827 3611 890 3683 ipse
906 3610 1051 3664 mitiorem
1071 3612 1214 3681 quandam

185 3730 192 3742 v
279 3702 354 3756 dixit
381 3703 553 3758 seutentiam
579 3703 634 3771 (ei.
660 3710 687 3767 8,
714 3707 752 3771 9).
799 3702 842 3757 Nc
863 3703 928 3774 quis
955 3702 1012 3756 iam
1037 3702 1152 3758 dubitet
1177 3705 1215 3761 de

279 3794 334 3853 Lai
363 3796 554 3868 supplementi
579 3797 718 3854 ueritate:
752 3811 819 3847 ecee
837 3794 938 3851 eodem
954 3795 1040 3850 modo
1057 3796 1094 3850 dc
1112 3797 1210 3853 cadem

280 3903 312 3938 re
332 3886 448 3940 Caelius
469 3893 512 3951 11,
537 3894 555 3941 3
574 3888 703 3960 scripsite
730 3884 838 3955 „ualle
857 3915 891 3928 -
908 3906 963 3940 oon
979 3890 1041 3940 ιιιιιι
1060 3888 1211 3943 Caesarem

279 4005 316 4019 ·-
333 3979 508 4048 tradideritn.
543 3980 604 4047 (Cf.
624 3979 658 4032 de
676 3977 733 4030 alia
751 3993 783 4030 re
798 3982 842 4040 10,
862 3980 895 4030 4:
921 3977 1106 4048 ,Pompeium
1125 3977 1210 4031 ualde

281 4070 355 4122 nolte
371 4100 405 4115 --
416 4072 464 4138 ll).
490 4072 554 4125 Non
570 4072 691 4140 potitor,
709 4076 743 4121 ιιι
762 4074 807 4123 est
825 4072 859 4121 14
879 4069 952 4136 (non
969 4068 1062 4120 multo
1080 4076 1146 4122 ante
1165 4086 1210 4122 ex-

280 4166 375 4213 ortum
395 4161 504 4217 bellum
522 4162 609 4218 ciuile
627 4162 767 4234 scripta),
790 4163 821 4211 2:
840 4159 954 4230 ηΡοιιιρ,
979 4162 1125 4214 constituit
1152 4178 1211 4216 ιιοιι
