3000 4875
363 427 437 501 100

380 638 441 721 Ep.
465 635 586 719 4§2‚
625 629 683 696 ubi
706 630 765 696 Or.
787 634 859 695 sine
883 653 954 696 uer.
982 630 1160 711 Seruium,
1187 616 1258 719 ¹ego
1282 653 1328 696 ex

297 755 367 820 Md.
391 750 582 818 Seruaeum
603 751 709 836 (quod
731 770 850 813 nomen
868 747 1043 835 plebeium
1066 750 1166 813 etiarn
1186 771 1218 834 p.
1242 745 1331 815 Fon·

298 875 366 936 teio
388 871 444 955 §9
466 864 618 954 legitur).
674 867 894 942 Praenomine
917 864 1050 950 quidem
1072 862 1145 927 solo
1167 886 1184 932 u
1212 863 1329 930 Caelio

296 990 332 1063 h.
353 986 378 1050 l.
400 1006 498 1049 nemo
522 982 685 1071 appellari
705 986 831 1069 potuit3
861 983 991 1047 additur
1014 982 1102 1045 enim
1121 978 1192 1045 des.
1214 990 1255 1048 tr·
1272 982 1329 1068 pt.

297 1118 331 1171 et
367 1104 515 1190 sequitur
545 1099 600 1182 nC.
625 1099 757 1164 certet.
801 1098 950 1186 Uulgata
977 1098 1055 1163 leot.
1087 1120 1107 1163 a
1135 1096 1257 1184 Pighio
1285 1099 1327 1163 de

296 1222 417 1288 Seruio
441 1216 531 1284 Polo
552 1216 768 1301 intelligitur:
789 1230 824 1282 at
845 1219 874 1281 ia
892 1216 991 1304 plene
1014 1236 1113 1302 quum
1135 1237 1155 1279 a
1174 1213 1244 1280 cic.
1270 1215 1328 1299 (Q.

295 1342 335 1404 F.
360 1336 478 1417 11,lu,
501 1336 533 1417 1)
556 1331 744 1420 appelletur
766 1332 840 1399 Ser.
865 1338 906 1399 P.
928 1335 976 1417 1),
1000 1345 1069 1398 turn
1091 1331 1133 1397 ab
1154 1334 1226 1424 ipso
1243 1330 1328 1398 Cae·

298 1489 499 1509 *utu—-

335 1600 363 1666 ²)
399 1599 444 1670 „X
463 1604 524 1652 erat
543 1597 643 1653 Caelio
664 1598 736 1671 [qui‚
754 1614 842 1671 quum
859 1598 894 1650 Α.
912 1601 966 1651 698
985 1596 1022 1652 (le
1041 1596 1074 1651 ui
1091 1595 1155 1667 lege
1173 1597 1269 1652 Plotia
1287 1598 1323 1651 alr

398 1690 534 1746 Atratino
558 1689 636 1762 apud
660 1689 712 1743 Cn
736 1688 898 1743 Domitium
923 1688 1079 1743 Caluinum
1102 1697 1253 1745 aecusatus
1277 1689 1326 1745 de·

399 1781 538 1838 tendente
563 1782 705 1837 Cicerone
729 1780 882 1836 absolutus
908 1787 985 1837 esset
1002 1782 1052 1850 (m.
1070 1779 1178 1835 Martio
1197 1789 1325 1835 extremo

399 1880 449 1929 aut
459 1875 579 1928 ineunte
587 1874 695 1947 Aprili,
710 1863 750 1929 ei.
768 1894 795 1948 p.
814 1874 893 1929 Cael.
915 1878 933 1941 5
950 1879 986 1926 78
1005 1890 1071 1927 eum
1089 1871 1221 1939 Q.F.11‚
1240 1877 1266 1937 6,
1282 1875 1325 1942 6),

399 1985 423 2020 a.
443 1973 497 2020 too
515 1984 532 2020 a
550 1972 636 2037 gente
654 1964 758 2020 Clodia
776 1967 809 2020 in
825 1964 966 2020 iuditium
982 1970 1125 2020 retractus
1144 1971 1205 2027 est,
1231 1965 1323 2017 ineer-

399 2067 481 2125 turn,
501 2075 559 2133 qno
580 2056 702 2112 erimine
720 2073 788 2111 reus
806 2057 902 2111 iaetus
921 2056 971 2126 eit]
1000 2055 1070 2109 dies.
1093 2056 1230 2110 Domitiae
1250 2055 1294 2108 iu·

398 2149 478 2202 (lices
506 2149 543 2207 ad
571 2164 723 2201 nnmerum
749 2145 934 2218 [legitimum]
960 2163 1020 2199 non
1047 2143 1158 2200 habuit
1206 2142 1325 2210 Uer-eor,

398 2257 436 2295 ne
465 2270 501 2281 -
527 2241 600 2293 Pola
616 2239 731 2292 Seruius
750 2237 787 2289 ad
805 2238 1009 2292 accusationem
1027 2236 1149 2291 ueniatll.
1187 2238 1324 2312 interpp„

400 2349 472 2407 qnos
492 2330 607 2406 quidem
631 2328 780 2393 nouerim,
807 2327 887 2382 huno
908 2329 1057 2382 Domitium
1073 2335 1237 2400 praetorem
1254 2330 1323 2385 faoi-

397 2431 471 2493 unt,
500 2423 578 2496 apud
604 2440 689 2496 quem
716 2420 749 2476 G.
769 2420 809 2476 sit
826 2427 995 2486 aecusatus,
1024 2439 1113 2494 quum
1129 2419 1206 2476 Man.
1225 2429 1256 2477 et
1271 2422 1322 2477 ua-

397 2515 509 2569 bricius
527 2514 660 2586 ignotum
675 2513 802 2586 aliquem
824 2512 903 2584 (Cn.)
921 2514 1004 2569 Dent.
1024 2529 1087 2569 esse
1105 2513 1220 2577 (licant,
1242 2513 1323 2569 Orel-

395 2606 455 2658 lius
474 2611 570 2658 autem
595 2603 710 2669 (Onnnn
730 2622 752 2657 s.
772 2623 800 2659 n.
820 2607 861 2662 Μ.
882 2606 993 2661 Caelius
1015 2606 1064 2676 R.)
1082 2604 1135 2660 Gn
1153 2604 1323 2670 Domitium,

396 2697 427 2750 L
447 2696 499 2760 F„
527 2693 658 2749 Ahenob.
688 2697 767 2765 (nam
787 2713 809 2751 s.
828 2716 856 2751 n.
887 2698 1253 2753 oa.n0noa1o.errore
1270 2696 1322 2751 ali-

398 2806 456 2861 quo
472 2793 541 2860 post
564 2786 635 2857 „Cn
661 2785 701 2845 Ι).
727 2814 763 2829 -
787 2788 931 2862 praefuit*
950 2787 1130 2862 adscriptum
1147 2797 1193 2844 est
1218 2789 1271 2860 „ad
1286 2789 1322 2857 Q.

396 2878 606 2948 F.2‚1³‚2¹¹).
635 2877 699 2949 Ego
720 2894 755 2933 ex
773 2898 823 2935 uu.
862 2880 988 2951 ‘'Uereor
1008 2882 1156 2954 [quoniam
1176 2882 1275 2953 „Boin
1288 2914 1324 2926 -

395 2971 526 3042 habuiti]
554 3000 592 3014 -
614 2970 731 3025 ueniant
757 2978 870 3026 tantum
895 2971 982 3027 facile
997 2973 1124 3045 intelligi
1142 2992 1231 3047 posse
1247 2974 1322 3030 arbi-

396 3071 474 3127 tror,
500 3064 579 3117 hune
605 3062 784 3127 Domitium,
811 3064 943 3137 quisquis
967 3063 1042 3128 tuit,
1065 3081 1125 3119 non
1150 3074 1323 3138 praetorem,

396 3152 447 3207 sed
467 3152 559 3209 Caelii
579 3144 769 3211 accusatorem
786 3153 886 3206 fuisse
920 3152 1021 3227 Neque
1039 3171 1109 3209 uero
1120 3156 1232 3220 dubito,
1251 3159 1322 3231 quin

394 3245 601 3318 intelligendus
634 3247 673 3300 sit
694 3243 747 3298 ille
773 3241 826 3298 Gn.
849 3243 932 3298 Doro.
961 3245 992 3299 h
1010 3244 1042 3300 F.
1068 3244 1179 3312 Alton,
1206 3249 1258 3319 qni
1278 3249 1323 3302 1V

395 3337 479 3391 annia
498 3344 565 3392 ante
583 3336 774 3409 Saturninum
792 3345 978 3392 recusauerat
1003 3339 1094 3407 (Faue
1113 3338 1194 3403 Vlll,
1211 3343 1256 3404 14,
1274 3343 1321 3409 1);

396 3427 433 3482 oi.
452 3428 484 3483 F.
502 3428 591 3492 Vlll,
609 3433 643 3481 12
662 3429 733 3498 (sor.
752 3445 777 3481 a.
793 3431 868 3497 rot),
886 3432 912 3493 1,
930 3429 981 3482 nbi
1001 3428 1116 3484 Caelius
1135 3438 1247 3502 patrem
1264 3431 1321 3485 sibi

395 3521 610 3575 inimicissimum
633 3520 780 3576 hominem
805 3534 869 3573 osse
893 3517 970 3574 dicit
1013 3521 1042 3575 is
1068 3529 1130 3575 turn
1158 3522 1190 3576 id
1218 3522 1319 3577 aetatis

394 3618 475 3675 erat,
508 3618 542 3665 ut
559 3627 654 3685 neque
671 3619 789 3684 praetor
806 3615 878 3680 (eos.
896 3611 955 3667 init
972 3630 995 3667 a.
1014 3613 1128 3669 demum
1145 3619 1215 3678 7233
1238 3622 1321 3687 pater

393 3708 489 3754 autem
505 3702 695 3775 quadriennio
707 3710 820 3758 tantum
836 3711 903 3758 aute
913 3722 938 3759 a.
948 3711 1125 3776 ioopraetor
1137 3704 1245 3775 luent)
1256 3723 1320 3762 ease

392 3792 724 3867 potuerituequeiudex
739 3796 935 3867 quaestionis3
966 3796 1077 3851 iudices
1107 3796 1184 3849 onim
1208 3804 1317 3867 quaest

392 3881 451 3936 nisi
475 3882 606 3937 homines
633 3886 817 3957 prouectiore
835 3895 928 3943 aetate
945 3896 1031 3961 atque
1050 3887 1158 3942 maiore
1176 3888 1319 3961 (lignitate

393 3974 446 4039 (ei.
467 3977 562 4030 Garat.
581 3977 618 4031 ad
635 3975 782 4035 Plautian.
802 3980 844 4034 ed.
863 3980 974 4033 Wund.
991 3979 1122 4052 Prologg.
1134 3980 1240 4052 LXXI)
1258 4001 1318 4038 non

392 4065 480 4123 iaoile
503 4069 631 4124 luerunt.
689 4070 828 4126 Aedilioii
853 4072 970 4145 quidem
997 4080 1078 4127 erant
1110 4074 1142 4130 C.
1177 4075 1316 4130 Uisellius

392 4157 485 4216 Uarro
504 4160 599 4230 (Brut.
619 4165 636 4228 s
653 4164 737 4232 264),
756 4162 788 4217 C.
807 4162 909 4218 lunius
928 4160 1057 4232 (Cluent.
1077 4168 1094 4231 5
1111 4169 1173 4235 79).
1211 4167 1245 4234 Q.
1260 4167 1316 4222 Uo-

392 4250 494 4306 conius
511 4252 606 4317 Naso,
632 4252 682 4327 qui
705 4253 793 4309 iudex
810 4255 988 4327 quaestionis
1006 4254 1043 4310 (le
1060 4256 1211 4315 ueneficio
1230 4276 1314 4332 quee-
