<?xml version="1.0" encoding="UTF-8"?>
<!DOCTYPE html PUBLIC "-//W3C//DTD XHTML 1.0 Transitional//EN"
    "http://www.w3.org/TR/xhtml1/DTD/xhtml1-transitional.dtd">
<html xmlns="http://www.w3.org/1999/xhtml" xml:lang="en" lang="en">
 <head>
  <title>
</title>
<meta http-equiv="Content-Type" content="text/html;charset=utf-8" />
  <meta name='ocr-system' content='tesseract 3.04.00' />
  <meta name='ocr-capabilities' content='ocr_page ocr_carea ocr_par ocr_line ocrx_word'/>
</head>
<body>
  <div class='ocr_page' id='page_1' title='image "./emendationesmtu00wesegoog_0115.png"; bbox 0 0 3000 4875; ppageno 0'>
   <div class='ocr_carea' id='block_1_1' title="bbox 1090 350 1163 425">
    <p class='ocr_par' dir='ltr' id='par_1_1' title="bbox 1090 350 1163 425">
     <span class='ocr_line' id='line_1_1' title="bbox 1090 350 1163 425; baseline 0.027 -2"><span class='ocrx_word' id='word_1_1' title='bbox 1090 350 1163 425; x_wconf 84' lang='lat'><strong>101</strong></span> 
     </span>
    </p>
   </div>
   <div class='ocr_carea' id='block_1_2' title="bbox 191 549 1248 2869">
    <p class='ocr_par' dir='ltr' id='par_1_2' title="bbox 199 549 1230 1343">
     <span class='ocr_line' id='line_1_2' title="bbox 201 549 1230 650; baseline 0.007 -32"><span class='ocrx_word' id='word_1_2' title='bbox 201 553 249 620; x_wconf 90' lang='lat' dir='ltr'><strong>lio</strong></span> <span class='ocrx_word' id='word_1_3' title='bbox 272 554 326 650; x_wconf 59' lang='lat'><strong>12,</strong></span> <span class='ocrx_word' id='word_1_4' title='bbox 350 554 369 615; x_wconf 95' lang='lat'>1</span> <span class='ocrx_word' id='word_1_5' title='bbox 394 550 484 619; x_wconf 84' lang='lat' dir='ltr'><strong>Polo</strong></span> <span class='ocrx_word' id='word_1_6' title='bbox 502 549 578 618; x_wconf 78' lang='lat' dir='ltr'><strong>Ser.</strong></span> <span class='ocrx_word' id='word_1_7' title='bbox 625 551 741 642; x_wconf 81' lang='lat' dir='ltr'><strong>Neque</strong></span> <span class='ocrx_word' id='word_1_8' title='bbox 774 575 854 621; x_wconf 82' lang='lat' dir='ltr'><strong>uero</strong></span> <span class='ocrx_word' id='word_1_9' title='bbox 881 557 948 620; x_wconf 78' lang='lat' dir='ltr'><strong>nisi</strong></span> <span class='ocrx_word' id='word_1_10' title='bbox 977 559 1047 621; x_wconf 79' lang='lat' dir='ltr'><strong>noti</strong></span> <span class='ocrx_word' id='word_1_11' title='bbox 1080 557 1230 628; x_wconf 74' lang='lat' dir='ltr'><strong>hominen</strong></span> 
     </span>
     <span class='ocr_line' id='line_1_3' title="bbox 202 668 1230 763; baseline 0.006 -28"><span class='ocrx_word' id='word_1_12' title='bbox 202 669 275 735; x_wconf 80' lang='lat' dir='ltr'><strong>eolo</strong></span> <span class='ocrx_word' id='word_1_13' title='bbox 297 671 511 756; x_wconf 79' lang='lat' dir='ltr'><strong>praenomine</strong></span> <span class='ocrx_word' id='word_1_14' title='bbox 536 668 717 757; x_wconf 79' lang='lat' dir='ltr'><strong>significari</strong></span> <span class='ocrx_word' id='word_1_15' title='bbox 738 685 927 760; x_wconf 80' lang='lat' dir='ltr'><strong>potuerunt,</strong></span> <span class='ocrx_word' id='word_1_16' title='bbox 949 687 986 737; x_wconf 89' lang='lat' dir='ltr'><strong>ut</strong></span> <span class='ocrx_word' id='word_1_17' title='bbox 1005 677 1041 738; x_wconf 87' lang='lat' dir='ltr'><strong>in</strong></span> <span class='ocrx_word' id='word_1_18' title='bbox 1057 672 1230 763; x_wconf 69' lang='lat' dir='ltr'><strong>Ciosspp.</strong></span> 
     </span>
     <span class='ocr_line' id='line_1_4' title="bbox 202 785 1229 876; baseline 0.003 -21"><span class='ocrx_word' id='word_1_19' title='bbox 202 787 275 855; x_wconf 83' lang='lat' dir='ltr'><strong>Ser.</strong></span> <span class='ocrx_word' id='word_1_20' title='bbox 294 786 476 873; x_wconf 82' lang='lat' dir='ltr'><strong>Sulpioiua,</strong></span> <span class='ocrx_word' id='word_1_21' title='bbox 496 788 536 852; x_wconf 87' lang='lat' dir='ltr'><strong>P.</strong></span> <span class='ocrx_word' id='word_1_22' title='bbox 561 785 712 869; x_wconf 73' lang='lat' dir='ltr'><strong>Clodius,</strong></span> <span class='ocrx_word' id='word_1_23' title='bbox 733 790 863 876; x_wconf 83' lang='lat' dir='ltr'><strong>Appius</strong></span> <span class='ocrx_word' id='word_1_24' title='bbox 888 788 1058 873; x_wconf 77' lang='lat' dir='ltr'><strong>Claudius,</strong></span> <span class='ocrx_word' id='word_1_25' title='bbox 1081 793 1154 857; x_wconf 85' lang='lat' dir='ltr'><strong>Sex</strong></span> <span class='ocrx_word' id='word_1_26' title='bbox 1167 793 1229 858; x_wconf 90' lang='lat' dir='ltr'><strong>Pe·</strong></span> 
     </span>
     <span class='ocr_line' id='line_1_5' title="bbox 199 904 1228 996; baseline 0.004 -26"><span class='ocrx_word' id='word_1_27' title='bbox 199 906 354 971; x_wconf 84' lang='lat' dir='ltr'><strong>dueaeua.</strong></span> <span class='ocrx_word' id='word_1_28' title='bbox 393 904 511 991; x_wconf 84' lang='lat' dir='ltr'><strong>Itaque</strong></span> <span class='ocrx_word' id='word_1_29' title='bbox 537 907 637 970; x_wconf 80' lang='lat' dir='ltr'><strong>etiam</strong></span> <span class='ocrx_word' id='word_1_30' title='bbox 658 906 701 970; x_wconf 83' lang='lat' dir='ltr'><strong>ad</strong></span> <span class='ocrx_word' id='word_1_31' title='bbox 724 905 767 984; x_wconf 78' lang='lat' dir='ltr'><strong>Q.</strong></span> <span class='ocrx_word' id='word_1_32' title='bbox 786 909 825 973; x_wconf 84' lang='lat' dir='ltr'><strong>F.</strong></span> <span class='ocrx_word' id='word_1_33' title='bbox 846 907 891 987; x_wconf 90' lang='lat'><strong>11,</strong></span> <span class='ocrx_word' id='word_1_34' title='bbox 911 912 944 988; x_wconf 79' lang='grc' dir='ltr'><strong>θ,</strong></span> <span class='ocrx_word' id='word_1_35' title='bbox 964 912 1005 986; x_wconf 79' lang='grc' dir='ltr'><strong>θ,</strong></span> <span class='ocrx_word' id='word_1_36' title='bbox 1026 907 1084 973; x_wconf 86' lang='lat' dir='ltr'><strong>ubi</strong></span> <span class='ocrx_word' id='word_1_37' title='bbox 1105 908 1228 996; x_wconf 79' lang='lat' dir='ltr'><strong>legitur</strong></span> 
     </span>
     <span class='ocr_line' id='line_1_6' title="bbox 199 1019 1229 1112; baseline 0.004 -26"><span class='ocrx_word' id='word_1_38' title='bbox 199 1020 363 1100; x_wconf 68' lang='lat' dir='ltr'><strong>seruies,</strong></span> <span class='ocrx_word' id='word_1_39' title='bbox 399 1043 443 1086; x_wconf 83' lang='lat' dir='ltr'><strong>ex</strong></span> <span class='ocrx_word' id='word_1_40' title='bbox 462 1019 534 1086; x_wconf 87' lang='lat' dir='ltr'><strong>Md.</strong></span> <span class='ocrx_word' id='word_1_41' title='bbox 567 1019 775 1088; x_wconf 78' lang='lat' dir='ltr'><strong>scribendum</strong></span> <span class='ocrx_word' id='word_1_42' title='bbox 807 1038 875 1093; x_wconf 81' lang='lat' dir='ltr'><strong>eat:</strong></span> <span class='ocrx_word' id='word_1_43' title='bbox 902 1024 930 1111; x_wconf 94' lang='lat'>†</span> <span class='ocrx_word' id='word_1_44' title='bbox 954 1024 1086 1091; x_wconf 68' lang='lat' dir='ltr'><strong>Seniue.</strong></span> <span class='ocrx_word' id='word_1_45' title='bbox 1128 1026 1229 1112; x_wconf 83' lang='lat' dir='ltr'><strong>Apud</strong></span> 
     </span>
     <span class='ocr_line' id='line_1_7' title="bbox 199 1137 1227 1226; baseline 0.003 -23"><span class='ocrx_word' id='word_1_46' title='bbox 199 1137 317 1203; x_wconf 81' lang='lat' dir='ltr'><strong>Horat.</strong></span> <span class='ocrx_word' id='word_1_47' title='bbox 339 1139 422 1221; x_wconf 82' lang='lat' dir='ltr'><strong>(Sat.</strong></span> <span class='ocrx_word' id='word_1_48' title='bbox 436 1138 480 1219; x_wconf 87' lang='lat' dir='ltr'><strong>ll,</strong></span> <span class='ocrx_word' id='word_1_49' title='bbox 502 1143 536 1219; x_wconf 89' lang='lat'><strong>1,</strong></span> <span class='ocrx_word' id='word_1_50' title='bbox 557 1139 613 1220; x_wconf 79' lang='lat'><strong>47)</strong></span> <span class='ocrx_word' id='word_1_51' title='bbox 636 1139 729 1226; x_wconf 83' lang='lat' dir='ltr'><strong>unlg.</strong></span> <span class='ocrx_word' id='word_1_52' title='bbox 749 1139 927 1208; x_wconf 83' lang='lat' dir='ltr'><strong>lectionem</strong></span> <span class='ocrx_word' id='word_1_53' title='bbox 951 1141 1095 1207; x_wconf 78' lang='lat' dir='ltr'><strong>Cernioo</strong></span> <span class='ocrx_word' id='word_1_54' title='bbox 1114 1142 1227 1210; x_wconf 85' lang='lat' dir='ltr'><strong>Sohol.</strong></span> 
     </span>
     <span class='ocr_line' id='line_1_8' title="bbox 201 1254 882 1343; baseline 0.006 -25"><span class='ocrx_word' id='word_1_55' title='bbox 201 1278 331 1343; x_wconf 88' lang='lat' dir='ltr'><strong>quoque</strong></span> <span class='ocrx_word' id='word_1_56' title='bbox 356 1268 479 1320; x_wconf 77' lang='lat' dir='ltr'><strong>tutetur</strong></span> <span class='ocrx_word' id='word_1_57' title='bbox 501 1256 557 1340; x_wconf 87' lang='lat' dir='ltr'><strong>(of.</strong></span> <span class='ocrx_word' id='word_1_58' title='bbox 581 1254 676 1320; x_wconf 85' lang='lat' dir='ltr'><strong>Uarr.</strong></span> <span class='ocrx_word' id='word_1_59' title='bbox 699 1255 734 1322; x_wconf 87' lang='lat' dir='ltr'>V</span> <span class='ocrx_word' id='word_1_60' title='bbox 754 1257 775 1341; x_wconf 82' lang='lat'><strong>§</strong></span> <span class='ocrx_word' id='word_1_61' title='bbox 795 1260 882 1343; x_wconf 83' lang='lat'><strong>114).</strong></span> 
     </span>
    </p>

    <p class='ocr_par' dir='ltr' id='par_1_3' title="bbox 191 1370 1248 2869">
     <span class='ocr_line' id='line_1_9' title="bbox 282 1370 1227 1462; baseline 0.002 -22"><span class='ocrx_word' id='word_1_62' title='bbox 282 1370 389 1454; x_wconf 63' lang='lat' dir='ltr'><strong>leid„</strong></span> <span class='ocrx_word' id='word_1_63' title='bbox 412 1374 498 1460; x_wconf 88' lang='lat' dir='ltr'><strong>quod</strong></span> <span class='ocrx_word' id='word_1_64' title='bbox 519 1371 662 1459; x_wconf 80' lang='lat' dir='ltr'><strong>legitur,</strong></span> <span class='ocrx_word' id='word_1_65' title='bbox 685 1394 863 1462; x_wconf 73' lang='lat' dir='ltr'><strong>unqueeo,</strong></span> <span class='ocrx_word' id='word_1_66' title='bbox 888 1377 966 1462; x_wconf 89' lang='lat' dir='ltr'><strong>quid</strong></span> <span class='ocrx_word' id='word_1_67' title='bbox 990 1378 1053 1455; x_wconf 85' lang='lat' dir='ltr'><strong>ait,</strong></span> <span class='ocrx_word' id='word_1_68' title='bbox 1075 1377 1227 1462; x_wconf 82' lang='lat' dir='ltr'><strong>equidem</strong></span> 
     </span>
     <span class='ocr_line' id='line_1_10' title="bbox 197 1474 1225 1582; baseline 0.003 -26"><span class='ocrx_word' id='word_1_69' title='bbox 197 1513 263 1557; x_wconf 89' lang='lat' dir='ltr'><strong>non</strong></span> <span class='ocrx_word' id='word_1_70' title='bbox 286 1474 395 1556; x_wconf 80' lang='lat' dir='ltr'><strong>uideo.</strong></span> <span class='ocrx_word' id='word_1_71' title='bbox 441 1489 533 1556; x_wconf 91' lang='lat' dir='ltr'><strong>Man.</strong></span> <span class='ocrx_word' id='word_1_72' title='bbox 554 1511 628 1555; x_wconf 77' lang='lat' dir='ltr'><strong>ease</strong></span> <span class='ocrx_word' id='word_1_73' title='bbox 641 1490 856 1558; x_wconf 80' lang='lat' dir='ltr'><strong>uehementer</strong></span> <span class='ocrx_word' id='word_1_74' title='bbox 868 1492 985 1582; x_wconf 77' lang='lat' dir='ltr'><strong>fingit3</strong></span> <span class='ocrx_word' id='word_1_75' title='bbox 1009 1514 1225 1579; x_wconf 71' lang='lat' dir='ltr'><strong>nequeam,</strong></span> 
     </span>
     <span class='ocr_line' id='line_1_11' title="bbox 196 1608 1225 1697; baseline 0.002 -24"><span class='ocrx_word' id='word_1_76' title='bbox 196 1624 233 1674; x_wconf 88' lang='lat' dir='ltr'><strong>ut</strong></span> <span class='ocrx_word' id='word_1_77' title='bbox 255 1613 296 1688; x_wconf 71' lang='grc'><strong>8,</strong></span> <span class='ocrx_word' id='word_1_78' title='bbox 330 1614 368 1690; x_wconf 91' lang='lat'><strong>1,</strong></span> <span class='ocrx_word' id='word_1_79' title='bbox 401 1631 475 1676; x_wconf 87' lang='lat' dir='ltr'><strong>oum</strong></span> <span class='ocrx_word' id='word_1_80' title='bbox 503 1630 552 1695; x_wconf 81' lang='lat' dir='ltr'><strong>aq.</strong></span> <span class='ocrx_word' id='word_1_81' title='bbox 575 1619 634 1687; x_wconf 79' lang='lat' dir='ltr'><strong>ut,</strong></span> <span class='ocrx_word' id='word_1_82' title='bbox 661 1608 762 1674; x_wconf 81' lang='lat' dir='ltr'><strong>facila</strong></span> <span class='ocrx_word' id='word_1_83' title='bbox 785 1612 880 1697; x_wconf 82' lang='lat' dir='ltr'><strong>iungi</strong></span> <span class='ocrx_word' id='word_1_84' title='bbox 902 1624 1033 1697; x_wconf 58' lang='lat' dir='ltr'><strong>pateam</strong></span> <span class='ocrx_word' id='word_1_85' title='bbox 1065 1614 1114 1676; x_wconf 87' lang='lat' dir='ltr'><strong>aie</strong></span> <span class='ocrx_word' id='word_1_86' title='bbox 1136 1614 1225 1675; x_wconf 83' lang='lat' dir='ltr'><strong>onim</strong></span> 
     </span>
     <span class='ocr_line' id='line_1_12' title="bbox 197 1725 1225 1817; baseline 0.001 -25"><span class='ocrx_word' id='word_1_87' title='bbox 197 1728 284 1815; x_wconf 88' lang='lat' dir='ltr'><strong>quod</strong></span> <span class='ocrx_word' id='word_1_88' title='bbox 306 1728 473 1811; x_wconf 78' lang='lat' dir='ltr'><strong>praeeedit</strong></span> <span class='ocrx_word' id='word_1_89' title='bbox 494 1725 586 1791; x_wconf 79' lang='lat' dir='ltr'><em>illud</em></span> <span class='ocrx_word' id='word_1_90' title='bbox 609 1725 801 1807; x_wconf 83' lang='lat' dir='ltr'><strong>nonhabet,</strong></span> <span class='ocrx_word' id='word_1_91' title='bbox 823 1730 911 1817; x_wconf 83' lang='lat' dir='ltr'><strong>‘quod</strong></span> <span class='ocrx_word' id='word_1_92' title='bbox 930 1728 996 1795; x_wconf 82' lang='lat' dir='ltr'><strong>aibi</strong></span> <span class='ocrx_word' id='word_1_93' title='bbox 1015 1729 1225 1817; x_wconf 75' lang='lat' dir='ltr'><strong>respondeat.</strong></span> 
     </span>
     <span class='ocr_line' id='line_1_13' title="bbox 194 1844 1225 1932; baseline 0 -22"><span class='ocrx_word' id='word_1_94' title='bbox 194 1847 349 1913; x_wconf 78' lang='lat' dir='ltr'><strong>Fortasse</strong></span> <span class='ocrx_word' id='word_1_95' title='bbox 389 1844 524 1910; x_wconf 84' lang='lat' dir='ltr'><strong>Caelina</strong></span> <span class='ocrx_word' id='word_1_96' title='bbox 546 1846 696 1930; x_wconf 79' lang='lat' dir='ltr'><strong>scripsit:</strong></span> <span class='ocrx_word' id='word_1_97' title='bbox 729 1844 829 1928; x_wconf 67' lang='lat' dir='ltr'>,mihi</span> <span class='ocrx_word' id='word_1_98' title='bbox 859 1848 990 1912; x_wconf 80' lang='lat' dir='ltr'><strong>uidetur</strong></span> <span class='ocrx_word' id='word_1_99' title='bbox 1015 1846 1099 1910; x_wconf 87' lang='lat' dir='ltr'><strong>illud</strong></span> <span class='ocrx_word' id='word_1_100' title='bbox 1129 1869 1163 1932; x_wconf 87' lang='lat' dir='ltr'><strong>p.</strong></span> <span class='ocrx_word' id='word_1_101' title='bbox 1190 1868 1225 1910; x_wconf 89' lang='lat' dir='ltr'><strong>u.</strong></span> 
     </span>
     <span class='ocr_line' id='line_1_14' title="bbox 195 1958 1224 2048; baseline -0.001 -20"><span class='ocrx_word' id='word_1_102' title='bbox 195 1966 366 2042; x_wconf 77' lang='lat' dir='ltr'><strong>cecidisse,</strong></span> <span class='ocrx_word' id='word_1_103' title='bbox 387 1962 475 2048; x_wconf 88' lang='lat' dir='ltr'><strong>quod</strong></span> <span class='ocrx_word' id='word_1_104' title='bbox 497 1982 517 2025; x_wconf 91' lang='lat' dir='ltr'><strong>a</strong></span> <span class='ocrx_word' id='word_1_105' title='bbox 537 1958 676 2045; x_wconf 81' lang='lat' dir='ltr'><strong>reliquia</strong></span> <span class='ocrx_word' id='word_1_106' title='bbox 693 1981 823 2047; x_wconf 87' lang='lat' dir='ltr'><strong>quoque</strong></span> <span class='ocrx_word' id='word_1_107' title='bbox 843 1963 880 2025; x_wconf 84' lang='lat' dir='ltr'><strong>in</strong></span> <span class='ocrx_word' id='word_1_108' title='bbox 899 1985 936 2024; x_wconf 88' lang='lat' dir='ltr'><strong>eo</strong></span> <span class='ocrx_word' id='word_1_109' title='bbox 959 1964 1224 2028; x_wconf 79' lang='lat' dir='ltr'><strong>animaduersum</strong></span> 
     </span>
     <span class='ocr_line' id='line_1_15' title="bbox 195 2076 1248 2166; baseline -0.002 -20"><span class='ocrx_word' id='word_1_110' title='bbox 195 2094 257 2162; x_wconf 81' lang='lat' dir='ltr'><strong>est,</strong></span> <span class='ocrx_word' id='word_1_111' title='bbox 279 2094 317 2144; x_wconf 88' lang='lat' dir='ltr'><strong>ut</strong></span> <span class='ocrx_word' id='word_1_112' title='bbox 337 2080 445 2143; x_wconf 85' lang='lat'><strong>-¹‘.:</strong></span> <span class='ocrx_word' id='word_1_113' title='bbox 481 2089 617 2164; x_wconf 85' lang='lat' dir='ltr'><strong>propter</strong></span> <span class='ocrx_word' id='word_1_114' title='bbox 645 2098 754 2163; x_wconf 83' lang='lat' dir='ltr'><strong>praee.</strong></span> <span class='ocrx_word' id='word_1_115' title='bbox 784 2100 915 2166; x_wconf 80' lang='lat' dir='ltr'><strong>quoque</strong></span> <span class='ocrx_word' id='word_1_116' title='bbox 944 2076 1018 2143; x_wconf 81' lang='lat' dir='ltr'><strong>fieri</strong></span> <span class='ocrx_word' id='word_1_117' title='bbox 1050 2083 1156 2166; x_wconf 79' lang='lat' dir='ltr'><strong>potuit</strong></span> <span class='ocrx_word' id='word_1_118' title='bbox 1187 2093 1248 2158; x_wconf 78' lang='lat' dir='ltr'><strong>ut¹</strong></span> 
     </span>
     <span class='ocr_line' id='line_1_16' title="bbox 194 2195 777 2284; baseline -0.007 -20"><span class='ocrx_word' id='word_1_119' title='bbox 194 2221 241 2264; x_wconf 88' lang='lat' dir='ltr'><strong>ex</strong></span> <span class='ocrx_word' id='word_1_120' title='bbox 263 2200 301 2263; x_wconf 83' lang='lat' dir='ltr'><strong>in</strong></span> <span class='ocrx_word' id='word_1_121' title='bbox 321 2199 445 2262; x_wconf 81' lang='lat' dir='ltr'><strong>fantum</strong></span> <span class='ocrx_word' id='word_1_122' title='bbox 466 2197 510 2259; x_wconf 85' lang='lat' dir='ltr'><strong>ait</strong></span> <span class='ocrx_word' id='word_1_123' title='bbox 530 2195 642 2282; x_wconf 81' lang='lat' dir='ltr'><strong>inque,</strong></span> <span class='ocrx_word' id='word_1_124' title='bbox 661 2217 777 2284; x_wconf 74' lang='lat' dir='ltr'><strong>unque.</strong></span> 
     </span>
     <span class='ocr_line' id='line_1_17' title="bbox 212 2312 1222 2401; baseline -0.003 -22"><span class='ocrx_word' id='word_1_125' title='bbox 212 2355 216 2364; x_wconf 74' lang='lat'>=</span> <span class='ocrx_word' id='word_1_126' title='bbox 277 2314 361 2379; x_wconf 78' lang='lat' dir='ltr'><strong>leid.</strong></span> <span class='ocrx_word' id='word_1_127' title='bbox 393 2316 444 2396; x_wconf 65' lang='lat' dir='ltr'><strong>„in</strong></span> <span class='ocrx_word' id='word_1_128' title='bbox 467 2312 632 2378; x_wconf 81' lang='lat' dir='ltr'><strong>euitaudia</strong></span> <span class='ocrx_word' id='word_1_129' title='bbox 651 2313 696 2378; x_wconf 74' lang='lat' dir='ltr'><strong>iia</strong></span> <span class='ocrx_word' id='word_1_130' title='bbox 712 2312 884 2392; x_wconf 72' lang='lat' dir='ltr'><strong>cormiliis,</strong></span> <span class='ocrx_word' id='word_1_131' title='bbox 916 2313 975 2401; x_wconf 80' lang='lat' dir='ltr'><strong>qui</strong></span> <span class='ocrx_word' id='word_1_132' title='bbox 1007 2333 1043 2378; x_wconf 83' lang='lat' dir='ltr'><strong>ae</strong></span> <span class='ocrx_word' id='word_1_133' title='bbox 1073 2313 1222 2378; x_wconf 83' lang='lat' dir='ltr'><strong>intende·</strong></span> 
     </span>
     <span class='ocr_line' id='line_1_18' title="bbox 192 2427 1222 2518; baseline -0.005 -19"><span class='ocrx_word' id='word_1_134' title='bbox 192 2447 266 2500; x_wconf 80' lang='lat' dir='ltr'><strong>rant</strong></span> <span class='ocrx_word' id='word_1_135' title='bbox 297 2430 515 2496; x_wconf 69' lang='lat' dir='ltr'><strong>aduersarios</strong></span> <span class='ocrx_word' id='word_1_136' title='bbox 541 2463 582 2480; x_wconf 89' lang='lat'><em>-</em></span> <span class='ocrx_word' id='word_1_137' title='bbox 610 2430 645 2493; x_wconf 79' lang='lat'><strong>¹¹.</strong></span> <span class='ocrx_word' id='word_1_138' title='bbox 691 2427 848 2496; x_wconf 77' lang='lat' dir='ltr'><strong>absurda</strong></span> <span class='ocrx_word' id='word_1_139' title='bbox 869 2432 1015 2514; x_wconf 79' lang='lat' dir='ltr'><strong>synesio:</strong></span> <span class='ocrx_word' id='word_1_140' title='bbox 1047 2452 1131 2518; x_wconf 92' lang='lat' dir='ltr'><strong>quae</strong></span> <span class='ocrx_word' id='word_1_141' title='bbox 1154 2429 1222 2496; x_wconf 79' lang='lat' dir='ltr'><strong>fru-</strong></span> 
     </span>
     <span class='ocr_line' id='line_1_19' title="bbox 193 2545 1222 2635; baseline -0.005 -18"><span class='ocrx_word' id='word_1_142' title='bbox 193 2565 261 2617; x_wconf 78' lang='lat' dir='ltr'><strong>stra</strong></span> <span class='ocrx_word' id='word_1_143' title='bbox 285 2572 324 2615; x_wconf 90' lang='lat' dir='ltr'><strong>eo</strong></span> <span class='ocrx_word' id='word_1_144' title='bbox 348 2548 545 2622; x_wconf 82' lang='lat' dir='ltr'><strong>defenditur,</strong></span> <span class='ocrx_word' id='word_1_145' title='bbox 567 2547 653 2633; x_wconf 91' lang='lat' dir='ltr'><strong>quod</strong></span> <span class='ocrx_word' id='word_1_146' title='bbox 668 2545 805 2613; x_wconf 78' lang='lat' dir='ltr'><strong>Caelius</strong></span> <span class='ocrx_word' id='word_1_147' title='bbox 826 2550 859 2629; x_wconf 79' lang='lat'><strong>8,</strong></span> <span class='ocrx_word' id='word_1_148' title='bbox 881 2550 1064 2635; x_wconf 80' lang='lat' dir='ltr'><strong>laoripsit:</strong></span> <span class='ocrx_word' id='word_1_149' title='bbox 1087 2571 1222 2633; x_wconf 64' lang='lat' dir='ltr'><strong>„eorum</strong></span> 
     </span>
     <span class='ocr_line' id='line_1_20' title="bbox 191 2664 1220 2756; baseline -0.005 -22"><span class='ocrx_word' id='word_1_150' title='bbox 191 2668 268 2756; x_wconf 82' lang='lat' dir='ltr'><strong>[pro</strong></span> <span class='ocrx_word' id='word_1_151' title='bbox 290 2666 349 2756; x_wconf 83' lang='lat' dir='ltr'><strong>en]</strong></span> <span class='ocrx_word' id='word_1_152' title='bbox 371 2664 471 2743; x_wconf 82' lang='lat' dir='ltr'><strong>odia,</strong></span> <span class='ocrx_word' id='word_1_153' title='bbox 492 2686 579 2752; x_wconf 83' lang='lat' dir='ltr'><strong>quoe</strong></span> <span class='ocrx_word' id='word_1_154' title='bbox 600 2664 736 2732; x_wconf 83' lang='lat' dir='ltr'><strong>Hirrum</strong></span> <span class='ocrx_word' id='word_1_155' title='bbox 757 2668 939 2752; x_wconf 55' lang='lat' dir='ltr'><strong>premunta,</strong></span> <span class='ocrx_word' id='word_1_156' title='bbox 961 2667 1048 2751; x_wconf 86' lang='lat' dir='ltr'><strong>quod</strong></span> <span class='ocrx_word' id='word_1_157' title='bbox 1069 2668 1141 2731; x_wconf 84' lang='lat' dir='ltr'><strong>eius</strong></span> <span class='ocrx_word' id='word_1_158' title='bbox 1162 2688 1220 2752; x_wconf 80' lang='lat' dir='ltr'><strong>ge-</strong></span> 
     </span>
     <span class='ocr_line' id='line_1_21' title="bbox 192 2781 1220 2869; baseline -0.006 -19"><span class='ocrx_word' id='word_1_159' title='bbox 192 2788 280 2851; x_wconf 77' lang='lat' dir='ltr'><strong>neris</strong></span> <span class='ocrx_word' id='word_1_160' title='bbox 302 2796 371 2864; x_wconf 78' lang='lat' dir='ltr'><strong>eat,</strong></span> <span class='ocrx_word' id='word_1_161' title='bbox 403 2783 444 2847; x_wconf 85' lang='lat' dir='ltr'><strong>de</strong></span> <span class='ocrx_word' id='word_1_162' title='bbox 475 2804 540 2869; x_wconf 93' lang='lat' dir='ltr'><strong>quo</strong></span> <span class='ocrx_word' id='word_1_163' title='bbox 568 2781 718 2869; x_wconf 84' lang='lat' dir='ltr'><strong>Maduig.</strong></span> <span class='ocrx_word' id='word_1_164' title='bbox 754 2783 796 2847; x_wconf 87' lang='lat' dir='ltr'><strong>ad</strong></span> <span class='ocrx_word' id='word_1_165' title='bbox 826 2785 900 2848; x_wconf 77' lang='lat' dir='ltr'><strong>uin.</strong></span> <span class='ocrx_word' id='word_1_166' title='bbox 927 2782 961 2846; x_wconf 93' lang='lat'><strong>11</strong></span> <span class='ocrx_word' id='word_1_167' title='bbox 992 2787 1010 2864; x_wconf 84' lang='lat'>§</span> <span class='ocrx_word' id='word_1_168' title='bbox 1039 2785 1083 2847; x_wconf 79' lang='grc'><strong>39</strong></span> <span class='ocrx_word' id='word_1_169' title='bbox 1120 2783 1220 2845; x_wconf 84' lang='lat' dir='ltr'><strong>dixit.</strong></span> 
     </span>
    </p>
   </div>
   <div class='ocr_carea' id='block_1_3' title="bbox 190 2897 1334 2988">
    <p class='ocr_par' dir='ltr' id='par_1_4' title="bbox 190 2897 1334 2988">
     <span class='ocr_line' id='line_1_22' title="bbox 190 2897 1334 2988; baseline -0.008 -19"><span class='ocrx_word' id='word_1_170' title='bbox 190 2904 287 2970; x_wconf 81' lang='lat' dir='ltr'><strong>Alius</strong></span> <span class='ocrx_word' id='word_1_171' title='bbox 315 2900 448 2988; x_wconf 81' lang='lat' dir='ltr'><strong>generis</strong></span> <span class='ocrx_word' id='word_1_172' title='bbox 485 2921 525 2963; x_wconf 86' lang='lat' dir='ltr'><strong>aa</strong></span> <span class='ocrx_word' id='word_1_173' title='bbox 555 2919 686 2985; x_wconf 89' lang='lat' dir='ltr'><strong>quoque</strong></span> <span class='ocrx_word' id='word_1_174' title='bbox 716 2912 812 2979; x_wconf 85' lang='lat' dir='ltr'><strong>aunt,</strong></span> <span class='ocrx_word' id='word_1_175' title='bbox 847 2900 888 2962; x_wconf 84' lang='lat' dir='ltr'><strong>de</strong></span> <span class='ocrx_word' id='word_1_176' title='bbox 918 2897 1037 2984; x_wconf 81' lang='lat' dir='ltr'><strong>quibus</strong></span> <span class='ocrx_word' id='word_1_177' title='bbox 1066 2899 1154 2963; x_wconf 84' lang='lat' dir='ltr'><strong>idem</strong></span> <span class='ocrx_word' id='word_1_178' title='bbox 1176 2899 1220 2962; x_wconf 86' lang='lat' dir='ltr'><strong>ad</strong></span> <span class='ocrx_word' id='word_1_179' title='bbox 1329 2915 1334 2922; x_wconf 88' lang='lat'><strong>·</strong></span> 
     </span>
    </p>
   </div>
   <div class='ocr_carea' id='block_1_4' title="bbox 187 3014 1218 3450">
    <p class='ocr_par' dir='ltr' id='par_1_5' title="bbox 187 3014 1218 3450">
     <span class='ocr_line' id='line_1_23' title="bbox 190 3014 1218 3105; baseline -0.006 -19"><span class='ocrx_word' id='word_1_180' title='bbox 190 3020 241 3086; x_wconf 91' lang='lat'><strong>111</strong></span> <span class='ocrx_word' id='word_1_181' title='bbox 264 3024 283 3101; x_wconf 61' lang='grc' dir='ltr'><strong><em>ἦ</em></strong></span> <span class='ocrx_word' id='word_1_182' title='bbox 304 3021 347 3084; x_wconf 76' lang='grc'><strong>70</strong></span> <span class='ocrx_word' id='word_1_183' title='bbox 369 3017 526 3104; x_wconf 78' lang='lat' dir='ltr'><strong>disputat.</strong></span> <span class='ocrx_word' id='word_1_184' title='bbox 571 3014 624 3081; x_wconf 90' lang='lat' dir='ltr'><strong>Ne</strong></span> <span class='ocrx_word' id='word_1_185' title='bbox 648 3016 733 3081; x_wconf 90' lang='lat' dir='ltr'><strong>illud</strong></span> <span class='ocrx_word' id='word_1_186' title='bbox 759 3017 891 3105; x_wconf 85' lang='lat' dir='ltr'><strong>quidem</strong></span> <span class='ocrx_word' id='word_1_187' title='bbox 912 3015 1022 3081; x_wconf 78' lang='lat' dir='ltr'><strong>ainnile</strong></span> <span class='ocrx_word' id='word_1_188' title='bbox 1045 3029 1106 3096; x_wconf 86' lang='lat' dir='ltr'><strong>eat,</strong></span> <span class='ocrx_word' id='word_1_189' title='bbox 1131 3016 1218 3103; x_wconf 89' lang='lat' dir='ltr'><strong>quod</strong></span> 
     </span>
     <span class='ocr_line' id='line_1_24' title="bbox 191 3131 1218 3225; baseline -0.007 -22"><span class='ocrx_word' id='word_1_190' title='bbox 191 3136 260 3203; x_wconf 71' lang='lat' dir='ltr'><strong>cie.</strong></span> <span class='ocrx_word' id='word_1_191' title='bbox 284 3137 417 3220; x_wconf 79' lang='lat' dir='ltr'><strong>scripsit</strong></span> <span class='ocrx_word' id='word_1_192' title='bbox 436 3134 464 3214; x_wconf 87' lang='grc' dir='ltr'><strong>Ι,</strong></span> <span class='ocrx_word' id='word_1_193' title='bbox 485 3138 518 3214; x_wconf 78' lang='grc'><strong>9,</strong></span> <span class='ocrx_word' id='word_1_194' title='bbox 541 3135 602 3201; x_wconf 72' lang='grc' dir='ltr'><strong>Ιῦε</strong></span> <span class='ocrx_word' id='word_1_195' title='bbox 631 3135 711 3200; x_wconf 81' lang='lat' dir='ltr'><strong>“illn</strong></span> <span class='ocrx_word' id='word_1_196' title='bbox 733 3131 843 3221; x_wconf 84' lang='lat' dir='ltr'><strong>furio</strong></span> <span class='ocrx_word' id='word_1_197' title='bbox 875 3156 919 3199; x_wconf 88' lang='lat' dir='ltr'><strong>m.</strong></span> <span class='ocrx_word' id='word_1_198' title='bbox 940 3157 988 3214; x_wconf 71' lang='lat' dir='ltr'><strong>n,</strong></span> <span class='ocrx_word' id='word_1_199' title='bbox 1016 3136 1076 3225; x_wconf 80' lang='lat' dir='ltr'><strong>qui</strong></span> <span class='ocrx_word' id='word_1_200' title='bbox 1099 3166 1142 3184; x_wconf 89' lang='lat'><strong>-·</strong></span> <span class='ocrx_word' id='word_1_201' title='bbox 1165 3155 1218 3199; x_wconf 86' lang='lat' dir='ltr'><strong>ao·</strong></span> 
     </span>
     <span class='ocr_line' id='line_1_25' title="bbox 187 3242 1216 3337; baseline -0.015 -16"><span class='ocrx_word' id='word_1_202' title='bbox 187 3275 300 3333; x_wconf 80' lang='lat' dir='ltr'><strong>rores,</strong></span> <span class='ocrx_word' id='word_1_203' title='bbox 329 3256 351 3316; x_wconf 88' lang='grc' dir='ltr'><strong>ἰ.</strong></span> <span class='ocrx_word' id='word_1_204' title='bbox 375 3264 424 3317; x_wconf 78' lang='lat' dir='ltr'><strong>ast</strong></span> <span class='ocrx_word' id='word_1_205' title='bbox 441 3289 485 3301; x_wconf 89' lang='lat'><em>-</em></span> <span class='ocrx_word' id='word_1_206' title='bbox 504 3253 694 3316; x_wconf 59' lang='lat' dir='ltr'><strong>assecutae*</strong></span> <span class='ocrx_word' id='word_1_207' title='bbox 717 3250 849 3337; x_wconf 85' lang='lat' dir='ltr'><strong>aliaque</strong></span> <span class='ocrx_word' id='word_1_208' title='bbox 868 3251 903 3314; x_wconf 83' lang='lat' dir='ltr'><strong>id</strong></span> <span class='ocrx_word' id='word_1_209' title='bbox 928 3267 1045 3335; x_wconf 80' lang='lat' dir='ltr'><strong>genua.</strong></span> <span class='ocrx_word' id='word_1_210' title='bbox 1100 3242 1216 3329; x_wconf 82' lang='lat' dir='ltr'><strong>Neque</strong></span> 
     </span>
     <span class='ocr_line' id='line_1_26' title="bbox 188 3359 1217 3450; baseline -0.016 -15"><span class='ocrx_word' id='word_1_211' title='bbox 188 3392 269 3437; x_wconf 84' lang='lat' dir='ltr'><strong>ueto</strong></span> <span class='ocrx_word' id='word_1_212' title='bbox 302 3366 373 3431; x_wconf 88' lang='lat' dir='ltr'><strong>ulla</strong></span> <span class='ocrx_word' id='word_1_213' title='bbox 396 3368 529 3430; x_wconf 84' lang='lat' dir='ltr'><strong>omuino</strong></span> <span class='ocrx_word' id='word_1_214' title='bbox 552 3384 653 3430; x_wconf 85' lang='lat' dir='ltr'><strong>oauaa</strong></span> <span class='ocrx_word' id='word_1_215' title='bbox 673 3363 759 3450; x_wconf 86' lang='lat' dir='ltr'><strong>fingi</strong></span> <span class='ocrx_word' id='word_1_216' title='bbox 780 3377 908 3447; x_wconf 80' lang='lat' dir='ltr'><strong>potest,</strong></span> <span class='ocrx_word' id='word_1_217' title='bbox 930 3386 988 3428; x_wconf 83' lang='lat' dir='ltr'><strong>our</strong></span> <span class='ocrx_word' id='word_1_218' title='bbox 1011 3359 1166 3437; x_wconf 78' lang='lat' dir='ltr'><strong>Caelius,</strong></span> <span class='ocrx_word' id='word_1_219' title='bbox 1188 3361 1217 3421; x_wconf 86' lang='lat' dir='ltr'><strong>si</strong></span> 
     </span>
    </p>
   </div>
   <div class='ocr_carea' id='block_1_5' title="bbox 185 3476 1217 3801">
    <p class='ocr_par' dir='ltr' id='par_1_6' title="bbox 185 3476 1217 3801">
     <span class='ocr_line' id='line_1_27' title="bbox 189 3476 1217 3567; baseline -0.018 -13"><span class='ocrx_word' id='word_1_220' title='bbox 189 3486 339 3554; x_wconf 81' lang='lat' dir='ltr'><strong>conailiia</strong></span> <span class='ocrx_word' id='word_1_221' title='bbox 369 3484 520 3567; x_wconf 81' lang='lat' dir='ltr'><strong>aoripait,</strong></span> <span class='ocrx_word' id='word_1_222' title='bbox 558 3481 647 3544; x_wconf 85' lang='lat' dir='ltr'><strong>idem</strong></span> <span class='ocrx_word' id='word_1_223' title='bbox 677 3502 796 3544; x_wconf 83' lang='lat' dir='ltr'><strong>eorum</strong></span> <span class='ocrx_word' id='word_1_224' title='bbox 817 3478 961 3544; x_wconf 81' lang='lat' dir='ltr'><strong>seribere</strong></span> <span class='ocrx_word' id='word_1_225' title='bbox 984 3476 1149 3554; x_wconf 81' lang='lat' dir='ltr'><strong>noluerit,</strong></span> <span class='ocrx_word' id='word_1_226' title='bbox 1181 3485 1217 3535; x_wconf 88' lang='lat' dir='ltr'><strong>ut</strong></span> 
     </span>
     <span class='ocr_line' id='line_1_28' title="bbox 187 3589 1216 3686; baseline -0.02 -14"><span class='ocrx_word' id='word_1_227' title='bbox 187 3606 238 3686; x_wconf 90' lang='lat' dir='ltr'><strong>C.,</strong></span> <span class='ocrx_word' id='word_1_228' title='bbox 251 3605 290 3668; x_wconf 92' lang='lat' dir='ltr'><strong>L.</strong></span> <span class='ocrx_word' id='word_1_229' title='bbox 302 3601 483 3668; x_wconf 81' lang='lat' dir='ltr'><strong>ediderunt.</strong></span> <span class='ocrx_word' id='word_1_230' title='bbox 528 3595 616 3663; x_wconf 87' lang='lat' dir='ltr'>Mihi</span> <span class='ocrx_word' id='word_1_231' title='bbox 629 3609 740 3662; x_wconf 85' lang='lat' dir='ltr'><strong>tamen</strong></span> <span class='ocrx_word' id='word_1_232' title='bbox 750 3595 860 3662; x_wconf 82' lang='lat' dir='ltr'><strong>leuior</strong></span> <span class='ocrx_word' id='word_1_233' title='bbox 876 3597 1013 3661; x_wconf 72' lang='lat' dir='ltr'><strong>mutatio</strong></span> <span class='ocrx_word' id='word_1_234' title='bbox 1036 3612 1109 3658; x_wconf 83' lang='lat' dir='ltr'><strong>esse</strong></span> <span class='ocrx_word' id='word_1_235' title='bbox 1125 3589 1216 3654; x_wconf 86' lang='lat' dir='ltr'><strong>uide·</strong></span> 
     </span>
     <span class='ocr_line' id='line_1_29' title="bbox 185 3712 1215 3801; baseline -0.017 -12"><span class='ocrx_word' id='word_1_236' title='bbox 185 3737 238 3789; x_wconf 86' lang='lat' dir='ltr'><strong>tut</strong></span> <span class='ocrx_word' id='word_1_237' title='bbox 262 3742 381 3790; x_wconf 83' lang='lat' dir='ltr'><strong>eorum</strong></span> <span class='ocrx_word' id='word_1_238' title='bbox 404 3728 481 3783; x_wconf 87' lang='lat' dir='ltr'><strong>ante</strong></span> <span class='ocrx_word' id='word_1_239' title='bbox 504 3712 673 3781; x_wconf 71' lang='lat' dir='ltr'><strong>actitandis</strong></span> <span class='ocrx_word' id='word_1_240' title='bbox 697 3715 818 3781; x_wconf 86' lang='lat' dir='ltr'><strong>addere</strong></span> <span class='ocrx_word' id='word_1_241' title='bbox 843 3725 941 3801; x_wconf 85' lang='lat' dir='ltr'><strong>atque</strong></span> <span class='ocrx_word' id='word_1_242' title='bbox 965 3713 1026 3792; x_wconf 82' lang='lat' dir='ltr'><strong>iia,</strong></span> <span class='ocrx_word' id='word_1_243' title='bbox 1048 3722 1084 3775; x_wconf 88' lang='lat' dir='ltr'><strong>ut</strong></span> <span class='ocrx_word' id='word_1_244' title='bbox 1107 3730 1150 3773; x_wconf 88' lang='lat' dir='ltr'><strong>ex</strong></span> <span class='ocrx_word' id='word_1_245' title='bbox 1173 3737 1215 3757; x_wconf 85' lang='lat'>-</span> 
     </span>
    </p>
   </div>
   <div class='ocr_carea' id='block_1_6' title="bbox 185 3945 384 3961">
    <p class='ocr_par' dir='ltr' id='par_1_7' title="bbox 185 3945 384 3961">
     <span class='ocr_line' id='line_1_30' title="bbox 185 3945 384 3961; baseline -0.02 0"><span class='ocrx_word' id='word_1_246' title='bbox 185 3945 384 3961; x_wconf 52' lang='lat' dir='ltr'><em>m</em></span> 
     </span>
    </p>
   </div>
   <div class='ocr_carea' id='block_1_7' title="bbox 287 4073 1211 4251">
    <p class='ocr_par' dir='ltr' id='par_1_8' title="bbox 287 4073 1211 4251">
     <span class='ocr_line' id='line_1_31' title="bbox 288 4073 1211 4157; baseline -0.017 -14"><span class='ocrx_word' id='word_1_247' title='bbox 288 4088 370 4144; x_wconf 73' lang='lat' dir='ltr'><strong>rebat</strong></span> <span class='ocrx_word' id='word_1_248' title='bbox 387 4105 410 4140; x_wconf 85' lang='lat' dir='ltr'><strong>a.</strong></span> <span class='ocrx_word' id='word_1_249' title='bbox 431 4090 492 4148; x_wconf 78' lang='grc'><strong>688.</strong></span> <span class='ocrx_word' id='word_1_250' title='bbox 509 4090 641 4157; x_wconf 81' lang='lat' dir='ltr'><strong>praetor,</strong></span> <span class='ocrx_word' id='word_1_251' title='bbox 658 4088 692 4137; x_wconf 80' lang='lat' dir='ltr'><strong>ut</strong></span> <span class='ocrx_word' id='word_1_252' title='bbox 710 4082 875 4155; x_wconf 77' lang='lat' dir='ltr'><strong>auspicatur</strong></span> <span class='ocrx_word' id='word_1_253' title='bbox 892 4076 1018 4149; x_wconf 75' lang='lat' dir='ltr'><strong>Maduig.</strong></span> <span class='ocrx_word' id='word_1_254' title='bbox 1039 4073 1089 4145; x_wconf 72' lang='lat' dir='ltr'><strong>(de</strong></span> <span class='ocrx_word' id='word_1_255' title='bbox 1106 4073 1211 4128; x_wconf 76' lang='lat' dir='ltr'><strong>Ancon.</strong></span> 
     </span>
     <span class='ocr_line' id='line_1_32' title="bbox 287 4175 598 4251; baseline -0.016 -17"><span class='ocrx_word' id='word_1_256' title='bbox 287 4199 315 4251; x_wconf 74' lang='lat' dir='ltr'><strong>p.</strong></span> <span class='ocrx_word' id='word_1_257' title='bbox 339 4184 403 4248; x_wconf 77' lang='lat' dir='ltr'><strong>lae)</strong></span> <span class='ocrx_word' id='word_1_258' title='bbox 422 4196 444 4231; x_wconf 81' lang='lat' dir='ltr'><strong>a.</strong></span> <span class='ocrx_word' id='word_1_259' title='bbox 463 4180 517 4233; x_wconf 79' lang='lat' dir='ltr'><strong>ooo</strong></span> <span class='ocrx_word' id='word_1_260' title='bbox 534 4175 598 4230; x_wconf 77' lang='lat' dir='ltr'><strong>snit</strong></span> 
     </span>
    </p>
   </div>
   <div class='ocr_carea' id='block_1_8' title="bbox 0 0 1504 4875">
    <p class='ocr_par' dir='ltr' id='par_1_9' title="bbox 0 0 1504 4875">
     <span class='ocr_line' id='line_1_33' title="bbox 0 0 1504 4875; baseline 0 6"><span class='ocrx_word' id='word_1_261' title='bbox 0 0 1504 4875; x_wconf 95' lang='lat' dir='ltr'><strong> </strong></span> 
     </span>
    </p>
   </div>
  </div>
 </body>
</html>
