3000 4875
373 400 423 474 tt

307 612 463 693 sortione
488 622 582 667 carros
607 621 679 686 sqq.
702 597 754 670 Cf..
785 602 884 666 etiam
907 605 926 681 5
949 603 971 663 t
993 610 1170 686 temporum
1193 606 1340 666 corteto.

307 736 359 791 ter
385 723 614 805 fortunaeque
642 716 891 792 vicissitudines
915 717 979 799 (=¹
994 720 1192 793 mutationes
1218 718 1343 804 temp).

306 842 421 920 ,Quum
444 837 514 904 Cic.
545 837 732 923 scripsisset
765 833 927 918 ,tabulam
950 857 1059 899 rernm
1084 847 1118 897 et
1148 847 1342 899 ostentorum

306 980 442 1024 snorum
465 989 504 1005 -
533 976 566 1016 u.
605 952 725 1029 actus⁴¹,
760 951 972 1038 metaphorae
994 952 1212 1036 explicandae
1243 963 1343 1036 atquo

308 1077 349 1141 ad
379 1092 512 1139 suarum
544 1091 653 1135 rerum
684 1081 853 1160 gestarum
885 1083 918 1132 et
949 1082 1141 1133 euentornm
1171 1069 1343 1136 historiam

308 1189 604 1259 accommodandae
637 1208 738 1253 causa
760 1209 822 1272 per
847 1207 909 1272 que
940 1186 1063 1250 addidit
1093 1192 1289 1260 mutationes
1311 1196 1345 1251 et

265 1381 269 1388 ,
309 1312 517 1376 constttoran
540 1305 640 1391 (quod
672 1304 847 1390 respondet
872 1305 1035 1388 superiori
1058 1303 1180 1385 cernon)
1211 1312 1245 1365 et
1263 1312 1342 1367 tem·

302 1448 420 1512 portem
443 1428 494 1507 (==
515 1434 708 1488 euantorum
734 1434 768 1482 et
793 1422 952 1503 casuum).
995 1419 1168 1494 Quomodo
1191 1426 1341 1498 mutatio,-

306 1562 428 1627 nesqne
461 1541 509 1602 sic
531 1537 695 1620 corrumpi
727 1538 883 1620 potnerit,
910 1537 1005 1598 docet
1035 1534 1149 1604 Madu.
1173 1536 1341 1602 Memento

308 1663 408 1725 ctiam
431 1654 638 1720 confusionis
660 1673 755 1715 uoco.
779 1660 885 1716 motos
908 1665 941 1716 et
963 1654 1081 1716 croton
1113 1666 1146 1717 et
1168 1655 1210 1719 of.
1233 1659 1285 1734 1⁰,
1305 1659 1341 1730 2.

307 1775 367 1840 ubi
390 1795 433 1837 ex
456 1771 518 1836 Or.
547 1772 632 1836 coni.
653 1791 714 1856 pro
735 1768 763 1853 †
785 1776 932 1833 actiones
961 1767 1136 1856 legendnm
1159 1794 1181 1834 a
1209 1772 1342 1837 Catilio.

305 1928 349 1944 -
370 1888 453 1966 ΧΗ,
478 1886 526 1967 15,
548 1891 582 1967 2,
610 1889 639 1950 si
664 1889 699 1950 in
723 1884 884 1950 Cicerone
909 1909 1129 1968 uersaremur,
1158 1910 1223 1952 non
1248 1889 1342 1970 dabi-

306 2023 411 2074 tarem
434 2007 512 2092 quin
534 2026 615 2069 uera
631 2003 814 2069 ossatErn.
833 2006 1045 2089 transpositio
1064 2027 1138 2070 uoc.
1161 2011 1342 2070 maiestatis

306 2128 364 2206 (of.
386 2149 418 2210 p.
441 2120 540 2187 Caec.
577 2124 650 2203 §5‚
671 2122 747 2186 Lin.
778 2120 840 2200 IV,
862 2123 923 2188 24:
956 2123 1160 2187 deminutum
1184 2145 1341 2200 censurae
1413 2123 1425 2135 ”

305 2243 392 2326 ias):
414 2239 578 2308 Lentulus
602 2251 712 2304 antam
734 2238 806 2317 ilie,
827 2260 932 2303 nanus
956 2240 1055 2304 homo
1079 2263 1139 2305 nec
1160 2243 1257 2304 nimis
1281 2238 1340 2303 bo-

306 2382 369 2426 nus
387 2361 539 2444 scriptor,
563 2370 600 2421 ut
622 2356 894 2442 „deminutionem
911 2364 1093 2423 coniectatio
1116 2365 1198 2422 ioris
1220 2358 1341 2421 nostri“

304 2479 486 2562 scripserit,
512 2475 587 2541 fieri
611 2496 709 2561 posse
740 2495 806 2537 non
831 2480 1034 2560 negauerim.
1065 2512 1105 2527 -
1127 2476 1341 2556 xvl,17‚2

306 2597 380 2658 ueri
401 2592 520 2657 similis
539 2604 589 2655 est
607 2591 684 2657 Sch.
703 2593 935 2676 transpositio:
954 2613 1015 2675 qao
1037 2592 1165 2676 quidem
1184 2599 1341 2657 comitata

306 2713 383 2794 (ista
404 2711 519 2773 uenire
536 2707 669 2792 soleat),
691 2714 775 2772 satir
797 2714 873 2773 scir.
898 2708 981 2794 (Ego
999 2710 1100 2793 igitur
1116 2720 1182 2773 tam
1198 2709 1339 2775 molesto

304 2828 348 2895 ab
379 2826 527 2909 homine)
557 2818 794 2912 Ἀφωμίληςα.
840 2824 878 2888 ln
912 2823 1032 2889 Oreliii
1062 2824 1156 2911 uulg.
1187 2826 1339 2905 lectionis

304 2948 533 3014 distinctione:
555 2965 618 3028 qno
644 2965 675 3030 p.
700 2946 881 3008 comitato!
901 2942 961 3008 Aa
991 2949 1074 3008 satir
1103 2950 1169 3008 retr
1199 2946 1340 3030 primum

305 3065 444 3150 qrn'dem,
459 3084 512 3126 me
534 3060 684 3140 offendit,
708 3061 794 3147 quod
815 3063 848 3125 in
875 3083 915 3124 ea
936 3073 1100 3127 structura
1131 3062 1186 3141 (de
1211 3085 1275 3148 qua
1296 3062 1359 3127 of.v

304 3180 419 3247 Mada.
443 3178 504 3263 Ep.
537 3175 620 3241 Crit.
652 3200 684 3265 p.
719 3177 794 3263 129)
830 3180 891 3242 uiri
931 3179 1037 3244 ullum
1071 3180 1180 3245 locum
1217 3178 1337 3257 habet3

301 3299 423 3365 deinde
457 3295 513 3360 uel
544 3296 592 3360 sic
613 3292 682 3360 Cic.
708 3317 844 3382 prorsus
868 3293 1010 3361 absurda
1040 3296 1155 3361 scribit
1179 3294 1337 3363 Tironem

303 3419 339 3481 id
369 3419 476 3502 ipsum
501 3416 581 3478 satis
603 3416 699 3493 scire,
728 3414 815 3498 quod
840 3425 962 3492 narrat,
999 3437 1019 3477 a
1037 3413 1134 3478 Dem.
1166 3427 1340 3479 consuetu·

304 3536 381 3598 dine
405 3546 438 3597 et
458 3532 621 3619 colloquio
645 3554 681 3596 so
704 3550 889 3616 separasse.
935 3529 1020 3598 Uide
1041 3543 1162 3610 tamen,
1184 3535 1338 3619 quoniam

303 3654 339 3714 in
368 3647 439 3711 Md.
472 3662 538 3712 est:
568 3654 633 3711 scir
655 3655 795 3726 ettotam,
817 3669 858 3711 ne
879 3644 938 3712 Cic
961 3650 1140 3735 scripserit,
1172 3661 1280 3714 otest
1302 3652 1337 3714 in
1387 3678 1392 3687 ¹

304 3763 394 3829 Erit
415 3783 446 3846 q.
470 3783 501 3845 q.
523 3783 603 3827 con.
624 3755 658 3829 α’.
684 3770 767 3827 tatto
790 3769 885 3827 mitet
935 3765 988 3831 Tu
1009 3786 1080 3831 eum
1101 3788 1162 3842 -3
1183 3765 1226 3830 D.
1250 3769 1337 3831 enim

303 3883 444 3947 fortasse
467 3899 531 3945 non
556 3878 750 3965 simpliciter
772 3893 808 3945 at
835 3879 958 3967 hospes
985 3899 1133 3964 uenerat,
1162 3884 1219 3947 sed
1244 3881 1338 3948 Cice·

284 4001 394 4087 ‘tonis
414 3999 450 4064 in
473 4020 513 4062 eo
535 3999 666 4078 itinere,
687 3999 774 4085 quod
799 4001 829 4063 is
851 3997 995 4065 habebat
1019 4002 1137 4084 (inirat
1158 4023 1239 4088 „ego
1262 4000 1338 4067 hino

303 4148 345 4168 -
367 4117 518 4202 cogito‘i,
535 4116 710 4183 comitandi
727 4139 837 4183 causa.
880 4115 933 4182 Cf·
955 4100 1021 4197 IX,
1034 4122 1087 4199 ld,
1107 4118 1123 4184 1
1141 4125 1240 4202 „rottr
1257 4124 1339 4183 reite

304 4246 338 4301 ot
360 4234 528 4301 commoda
550 4246 680 4321 tempus
701 4234 743 4301 ad
768 4247 801 4301 ta
822 4237 910 4324 capit
928 4235 1099 4303 attondit.
1119 4272 1163 4289 -
1183 4236 1278 4316 vm,
1304 4237 1338 4315 8,
