3000 4875
1091 409 1138 481 51

162 612 305 700 peiatori
327 612 451 694 deberi,
475 612 532 680 uel
553 633 602 698 sq.
627 611 669 675 de
689 609 741 676 te
761 610 858 676 rebat
879 614 918 697 (at
941 613 981 678 de
1003 616 1120 681 harum
1142 639 1198 682 re·

162 752 235 796 rura
258 731 457 813 discrimine,
479 733 521 798 de
540 752 605 817 quc
624 730 669 795 ci.
689 728 778 796 Uict.
796 744 835 794 et
850 729 955 815 Mam)
975 748 1149 820 repugnat.

167 871 170 878 ’
245 848 307 933 Ep.
332 851 446 929 est.
496 850 551 914 Ex
581 848 692 913 inutili
722 847 819 913 Man·
851 851 938 912 coni.
973 850 1032 915 Or.
1063 856 1197 938 scripsit

162 965 270 1031 idest
298 998 338 1014 -
369 963 609 1053 [ir]rideudam
634 987 695 1048 pro
717 966 815 1031 irrid.
839 965 890 1030 ct.
912 968 1027 1032 Lexx.
1053 968 1102 1033 lt.
1127 974 1146 1050 ἦ
1174 974 1197 1035 a

162 1084 221 1152 Or.
241 1083 375 1147 Ieedunr
397 1082 628 1148 soloecismum
661 1106 716 1148 uu.
768 1081 873 1167 „Quid
891 1093 1094 1170 potestesse
1116 1087 1197 1153 cali·

162 1202 235 1265 dics
259 1221 374 1286 quarn,
396 1223 498 1287 quum
520 1214 553 1264 te
581 1235 622 1252 -
647 1199 853 1279 defenderim
874 1233 913 1252 -·
936 1222 1024 1265 auae
1046 1205 1194 1269 ceramit-

162 1331 232 1382 tere
256 1340 328 1396 me,
349 1331 386 1381 ut
409 1331 444 1381 tu
466 1352 508 1370 -
527 1318 679 1402 porserI¹¹
702 1318 826 1381 frustra
854 1330 1001 1383 cenatur·
1020 1319 1195 1385 detentere

162 1436 277 1500 eedem
300 1434 459 1512 artificio,
492 1456 556 1520 quc
587 1455 690 1519 supra
722 1435 776 1517 (ad
798 1433 826 1513 1,
848 1436 1129 1517 asturiensem
1152 1437 1195 1502 ab

162 1575 202 1617 ec
227 1561 315 1616 esset
331 1553 403 1618 Aa.
426 1551 470 1631 V,
492 1554 545 1630 le,
577 1553 599 1614 2
621 1572 695 1615 esse
717 1551 878 1630 uidimus,
903 1574 1003 1638 quum
1025 1554 1196 1641 intelligat

161 1676 194 1733 ri
212 1671 324 1734 uelles.
369 1668 470 1734 Recte
501 1667 748 1756 Martyui·Lag.
776 1673 886 1753 persia
908 1672 1051 1756 scripsit.
1097 1671 1194 1753 VIII,

162 1792 223 1867 lu,
254 1791 428 1873 lprcpter
447 1787 695 1872 praecedentia:
728 1819 770 1838 -
803 1796 920 1851 metata
952 1819 993 1835 -
1023 1787 1127 1853 dadai
1155 1823 1196 1842 -

164 1925 251 1968 utrae
276 1941 312 1952 -
333 1904 574 1989 praesagiebat
594 1902 729 1967 Caelius
752 1905 901 1987 scripsit:
932 1927 1047 1990 „quara
1077 1904 1196 1991 proba-

164 2019 241 2085 bilis
265 2041 297 2083 n.
320 2021 431 2084 futura
456 2029 550 2098 esset,
575 2017 733 2106 [uerebar
745 2017 795 2106 et]
821 2041 939 2085 uerear
958 2024 1058 2086 etiam
1080 2024 1194 2087 aaud‘.

246 2137 307 2222 Ep.
331 2140 373 2202 10
394 2145 413 2213 §
437 2140 476 2216 1,
509 2136 566 2200 ubi
592 2135 652 2201 Or.
676 2138 828 2221 scripsit,
864 2156 929 2220 pro
951 2147 1010 2203 tua
1030 2138 1197 2224 dignitate

163 2258 200 2300 ¹⁸*
218 2290 258 2306 -
283 2257 368 2319 mala
389 2260 475 2319 euim
497 2255 626 2333 dicere,
658 2274 754 2338 qaam
776 2274 837 2337 pra
865 2255 1033 2319 salute-
1062 2261 1099 2318 iu
1121 2268 1195 2336 cet,

162 2392 260 2458 qaum
288 2392 352 2455 pra
375 2373 541 2456 dignitate
563 2371 728 2436 excidisse
758 2372 980 2450 suspicaretur
1004 2369 1087 2454 (Cic.
1107 2385 1196 2438 certe

161 2491 367 2574 scripsisset:
390 2508 454 2572 pra
484 2488 576 2574 diga.
610 2492 695 2551 eatur
719 2487 836 2570 male),
870 2507 933 2573 ege
955 2487 1081 2554 scribut
1113 2511 1147 2574 p.
1169 2499 1198 2556 t.

162 2607 194 2671 d.
220 2636 260 2654 -·
281 2627 322 2670 m.
345 2604 484 2671 ENIM
505 2606 591 2671 ITA
616 2603 649 2667 d.
668 2616 732 2668 cet.
786 2602 839 2669 Ne
862 2607 934 2691 quis
956 2603 1103 2687 dubitet,
1125 2607 1193 2673 Cic.

163 2727 235 2810 ipse
268 2727 316 2788 sic
345 2723 528 2789 scribit-ad
557 2725 628 2789 Art.
658 2721 759 2802 XIII,
779 2725 833 2803 42,
856 2726 894 2787 12
936 2721 1022 2807 „Gur
1050 2724 1196 2809 paterini

161 2844 308 2925 inquam.
343 2840 454 2905 Mala
487 2844 576 2905 enirn
605 2846 655 2905 ite
677 2840 809 2914 dicere,
843 2861 941 2925 qnam
966 2862 1022 2905 cur
1048 2845 1196 2905 commit·
1233 2902 1239 2907 .

161 2960 205 3022 tis
214 2958 243 3020 pr
264 2958 337 3022 Fin.
360 2956 401 3036 II,
427 2960 479 3036 19,
493 2960 547 3037 ul,
568 2957 626 3021 ubi
650 2956 791 3044 legitur:
812 2969 947 3042 prepter
966 2974 1045 3023 sues
1069 2957 1197 3024 utilita-

162 3088 212 3139 tes
243 3074 343 3159 (malo
376 3078 462 3141 enirn
495 3076 625 3154 dicere,
660 3097 759 3162 quam
783 3074 970 3162 uoluptates
992 3108 1032 3125 -·-
1054 3077 1067 3159 )
1091 3077 1196 3157 numu,

161 3190 313 3258 Brernius
338 3193 511 3278 (probante
530 3192 659 3277 Mada.)
690 3206 767 3279 post
798 3198 884 3257 enim
915 3194 1004 3258 idem
1029 3193 1113 3259 illud
1144 3199 1195 3259 ita

163 3311 346 3375 addendum
371 3332 446 3375 esse
458 3310 563 3373 uidit.

245 3425 306 3508 Ep.
330 3423 400 3488 XII
422 3424 439 3508 ᾗ
460 3428 500 3503 2,
531 3426 795 3510 quoniamiuter
817 3422 921 3487 uerba
940 3422 1016 3506 Ege
1047 3458 1089 3474 ·-
1115 3430 1196 3487 meis

163 3555 197 3606 et
224 3546 274 3604 ita
302 3574 348 3589 --
377 3549 452 3624 epte
483 3541 646 3603 centraria
671 3539 756 3602 ratic
779 3536 870 3601 nulla
892 3538 1083 3618 intercedit,
1119 3540 1196 3625 quid

163 3660 309 3745 apertius
331 3678 427 3742 quarn
448 3676 506 3742 pro
524 3661 615 3736 meir,
630 3654 689 3719 sed
701 3655 776 3739 (set)
797 3652 1005 3721 scribendum
1021 3678 1094 3722 esse
1106 3662 1197 3737 meir,
1334 3686 1336 3689 ·

163 3776 218 3840 eti
236 3775 419 3841 Dicendum
444 3786 532 3838 certe
554 3773 635 3837 tuit:
658 3779 710 3838 ita
730 3781 838 3838 aretem
862 3797 890 3840 a.

585 3966 670 4041 Lib.
705 3966 772 4043 lv.

246 4124 307 4212 Ep.
330 4124 442 4210 152
487 4122 532 4191 ¹⁴1.
554 4124 636 4190 mihi
667 4127 782 4190 uenire
812 4128 846 4189 in
867 4135 1009 4190 mentem
1033 4122 1120 4189 nihii
1138 4144 1195 4211 pc·

164 4255 242 4325 test,
265 4264 330 4308 nen
353 4242 449 4308 modo
474 4240 556 4328 perid
578 4260 721 4327 sperem,
742 4242 800 4307 scd
825 4243 885 4307 uix
909 4243 932 4306 i.
954 4241 1035 4330 quid
1057 4242 1195 4309 audeam

965 4372 995 4421 4·
