3000 4875
1106 372 1155 444 lt

184 597 258 642 voc.
280 578 366 659 sigo.
387 567 470 638 uidit
491 573 557 637 Iam
579 580 746 635 corrector
765 568 846 652 Md,
871 576 964 639 cuius
984 576 1212 663 supplemento

185 716 205 757 a
228 693 345 757 ceteris
367 691 441 756 cdd.
464 700 610 776 recepto,
642 696 735 768 autu,
758 691 843 773 quod
867 691 985 756 arelius
1011 693 1083 777 (Or.
1105 696 1214 761 '’haud

184 808 322 875 bouum*
343 808 433 890 dicit)
466 807 653 892 excogitari
677 806 809 890 potestI
855 806 908 872 ct.
930 808 1000 876 Au.
1022 810 1212 893 V11,o‚1:

183 929 241 997 Au
264 924 346 990 mihi
366 933 464 988 ustus
500 924 540 1007 (ot
564 907 705 996 leuiset
726 925 854 1009 exigua
885 924 1045 1009 epistolae
1074 942 1151 994 tuae
1172 931 1214 995 de

183 1044 227 1110 D.
253 1040 465 1129 sigoiIicatio)
505 1061 571 1104 auu
586 1039 728 1117 faceret
741 1039 885 1122 fidem,
914 1043 1012 1109 Verr.
1036 1043 1069 1109 II
1098 1049 1214 1127 5213:

185 1160 261 1225 Hoc
286 1194 328 1208 -
353 1156 561 1243 significasse
589 1166 622 1221 et
655 1164 811 1222 annuisse
844 1161 884 1242 (oz
906 1163 1092 1244 annuendo)
1125 1170 1216 1229 uisus

186 1286 244 1342 ert.
291 1276 457 1340 Incertum
493 1287 602 1337 tameo
634 1287 696 1352 est,
726 1289 802 1337 aute
836 1282 988 1359 sigmaro
1022 1280 1108 1343 inter
1131 1300 1158 1343 s.
1181 1293 1215 1344 et

186 1411 249 1479 qus
270 1389 353 1455 illut
376 1397 457 1453 nutu
486 1388 656 1452 exciderit.
678 1388 727 1452 lb.
759 1394 849 1470 5²5,
879 1391 935 1455 ubi
960 1414 1006 1456 ex
1028 1394 1108 1459 Ero.
1129 1401 1216 1462 coni.

186 1510 317 1594 scripsit
339 1506 399 1570 Or.
423 1508 527 1591 Iegem
551 1514 646 1589 [que],
672 1518 781 1592 potest
804 1506 888 1587 ficri,
921 1523 957 1573 ut
987 1532 1050 1597 que
1070 1515 1216 1602 interpo-

186 1626 286 1691 latori
306 1624 485 1698 debeatur3
507 1621 565 1686 sed
587 1622 673 1686 haut
696 1626 765 1687 scio
789 1646 831 1688 aa
849 1628 921 1710 ipsa
941 1624 1009 1692 Cic:
1030 1652 1087 1697 uu.
1109 1634 1214 1717 legem

185 1777 228 1792 -
247 1748 418 1807 introisset
434 1739 660 1824 superiorIbus
681 1761 812 1805 resa-
835 1764 1056 1810 successurum
1075 1770 1133 1834 per
1152 1770 1214 1835 que

186 1863 388 1937 adiunxerit,
418 1869 454 1921 ut
474 1869 562 1920 esset
584 1857 778 1945 addiditque
799 1860 903 1945 legem
928 1874 991 1926 cet.
1013 1863 1097 1944 XII,
1119 1867 1212 1944 15‚1

186 2000 232 2043 cx
250 1976 435 2043 necessaria
447 1971 539 2040 Man.
557 1971 764 2062 ctIIaduigii
777 1981 978 2043 correctione
989 2002 1049 2064 pru
1061 1985 1216 2048 celerius·

186 2116 250 2183 quc
265 2094 475 2161 scribendum
496 2110 548 2161 est
563 2098 703 2161 celemus
720 2108 754 2159 et
772 2094 870 2180 paulo
889 2117 988 2182 supra
1005 2120 1065 2183 pro
1080 2105 1216 2165 uastutd

185 2215 257 2278 siue
278 2222 477 2302 uectatque
498 2217 570 2279 sios
593 2222 626 2278 et
646 2233 679 2278 st.
703 2215 775 2276 siue
798 2222 897 2299 utque
918 2236 952 2279 tt.

271 2334 331 2410 §2
352 2353 436 2415 qaae
456 2330 628 2417 leguntur:
661 2329 770 2393 ttutu·
800 2330 1020 2413 rogabantur,
1053 2340 1152 2416 utque
1170 2331 1218 2395 s‘d

186 2454 291 2533 t'ptttm
320 2446 506 2510 conalibus
533 2451 660 2522 iuuetis,
697 2464 749 2508 mc
785 2465 850 2507 non
881 2444 1070 2531 intelligere
1099 2449 1216 2514 fateor.

186 2564 284 2644 Uidc,
306 2587 348 2629 ne
369 2562 439 2628 Cic.
461 2564 647 2646 scripserit:
675 2583 703 2624 c.
724 2580 804 2624 uoti
826 2565 951 2627 iustitis.
998 2564 1115 2632 ’'Itiem
1137 2591 1224 2633 cons

186 2684 273 2767 mmi
296 2680 454 2747 uolebant
475 2679 604 2760 Coss.”,
629 2700 731 2766 quara
752 2677 860 2762 Lupo,
885 2682 998 2764 quaid
1016 2684 1215 2763 efficeretur,

185 2797 379 2881 postulanti,
399 2800 486 2862 ”ucu
500 2797 602 2863 ualde
616 2795 881 2881 repugquutt'’.
919 2796 965 2861 lis
982 2801 1084 2884 igitur
1096 2806 1218 2864 inuitis

188 2918 350 3001 quomodo
371 2915 405 2979 it
422 2912 496 2979 ficri
512 2925 653 3001 potarat,
678 2913 764 2998 quod
788 2914 895 2997 ipsum
915 2913 1001 2978 diem
1022 2914 1217 2981 eximebat?

187 3030 226 3097 Ia
249 3030 323 3099 Mt.
353 3031 485 3117 singula
512 3053 568 3095 uu.
602 3051 701 3117 quum
739 3028 808 3093 alia
844 3030 948 3095 multa
984 3035 1106 3098 omissa
1130 3047 1218 3115 sunt,

187 3161 255 3213 tom
279 3148 367 3214 houd
385 3171 461 3215 raro
482 3169 558 3227 sou,
581 3160 618 3211 ut
636 3148 703 3227 tx,
723 3149 777 3227 22,
798 3149 832 3224 8,
856 3146 921 3227 XI,
938 3152 992 3230 20,
1005 3153 1037 3229 4,
1060 3151 1143 3231 XII,
1162 3155 1217 3232 11,

186 3266 293 3347 xlv,
329 3269 362 3345 4,
389 3268 421 3330 5.
457 3265 537 3344 VII,
569 3268 622 3344 18,
657 3267 691 3344 2,
722 3264 779 3328 ubi
815 3264 875 3329 Or.
913 3264 983 3330 Md.
1023 3266 1218 3355 scripturam

187 3385 350 3450 seruauit:
388 3402 483 3468 quast
503 3380 587 3454 doec
608 3380 771 3459 scribere,
803 3403 887 3466 quaa
916 3381 1093 3447 absurdam
1124 3385 1218 3449 iIlout

188 3497 291 3564 habat
310 3499 520 3573 sententiam,
552 3494 746 3560 Trebatium
771 3498 805 3557 io
825 3496 1038 3579 paliarpsesto
1063 3520 1127 3563 non
1153 3506 1219 3567 tam

188 3614 349 3693 uoluisse,
378 3613 466 3700 quod
488 3614 523 3676 in
545 3632 586 3675 aa
609 3611 650 3676 ad
673 3609 742 3679 Cic.
764 3613 952 3696 scripserat,
975 3636 1021 3680 sc.
1044 3618 1218 3705 epistolam

190 3735 307 3800 codem
332 3730 501 3817 exemplo,
532 3750 597 3817 quo
622 3729 689 3795 alia
720 3731 880 3816 quaedam
912 3733 1032 3815 iuerat,
1064 3738 1219 3819 scribere,

189 3872 299 3938 quam,
322 3848 408 3935 quod
440 3861 515 3914 ante
539 3851 574 3913 ia
597 3872 638 3915 aa
663 3848 813 3914 chartula
837 3854 994 3937 scriptum
1018 3854 1138 3937 fuerat,
1162 3858 1219 3921 de·

149 4006 153 4009 -
188 3966 270 4046 lere,
293 3986 339 4029 ex
353 3968 536 4032 certissima
552 3966 670 4032 Rutilii
691 3968 776 4032 coni·
800 3967 842 4031 ab
867 3969 926 4034 Or.
954 3993 1018 4035 non
1034 3972 1219 4058 improbata

188 4094 266 4169 post
286 4079 370 4144 taec
389 4084 573 4158 addendum
600 4104 665 4149 nou
695 4097 759 4151 est.
793 4081 857 4166 (Cf.
875 4085 1013 4169 Uictor.)
1060 4088 1143 4167 XV,
1165 4091 1216 4166 15,

192 4204 224 4279 1,
244 4199 304 4266 ubi
333 4199 457 4286 legitur
477 4222 500 4266 u
522 4199 605 4266 tetta·
624 4207 808 4268 secaturt'i
828 4208 1031 4286 pertinuerit,
1053 4200 1220 4270 ex'Mati-
