3000 4875
1106 357 1154 428 tto

183 567 232 643 si,
257 564 335 649 quid
354 560 443 627 uliud
460 559 593 626 Caelius
611 559 676 626 sibi
699 580 773 625 esse
792 562 977 642 uideretur,
1002 564 1212 632 aduersatina
1266 601 1270 606 ·

182 692 267 744 sent.
289 680 461 748 diceretur.
500 677 608 758 Nunc,
629 681 784 767 quonium
807 677 845 744 C.
867 680 969 748 totius
986 680 1112 746 nosce
1132 682 1212 747 soli·

182 798 327 862 tudinem
364 817 445 861 suae
477 800 626 882 opponit,
663 818 723 883 ego
767 801 988 863 necessarium
1022 811 1085 879 est,
1110 821 1210 886 quum

180 918 375 998 praesertim
397 914 582 980 subiectum
611 916 732 999 prioris
764 928 850 981 sent.
872 937 914 982 ue
946 914 1048 982 uerbo
1079 917 1211 1004 quidem

180 1034 326 1115 (uidear)
349 1029 573 1117 significatum
596 1034 650 1096 sit.

263 1148 335 1213 lbd.
363 1149 447 1234 „Sed
478 1151 583 1215 tanti?
621 1150 698 1230 Sed,
742 1147 975 1215 meherculest.
1030 1149 1146 1236 Neque
1175 1155 1210 1216 iu

179 1268 444 1355 interrogatione
466 1266 595 1353 ellipsis
608 1290 640 1332 u.
656 1276 706 1331 eat
718 1279 882 1346 recteest,
903 1288 1009 1353 neque
1024 1270 1060 1332 in
1073 1290 1208 1350 respou-

179 1388 274 1450 sioue
296 1384 355 1448 ced
375 1383 484 1449 locum
507 1385 611 1450 ullam
634 1384 746 1450 hebet.
792 1384 865 1472 Ego
888 1387 1038 1472 suspicor
1060 1383 1211 1452 Caelium

179 1505 227 1567 sic
248 1503 439 1586 scripsisse:
466 1500 550 1585 „Est
567 1502 673 1568 tantil
709 1500 777 1566 Eu
795 1504 857 1567 m.“
904 1501 959 1571 ct.
981 1502 1049 1587 51.
1081 1500 1209 1568 Estne?

176 1618 240 1683 -i
274 1617 338 1683 En
362 1655 414 1679 —.
463 1619 509 1687 Ut
540 1620 600 1686 illo
630 1619 705 1685 loco
736 1617 808 1685 Md.
838 1628 873 1684 et
893 1643 952 1704 pro
977 1619 1082 1685 altero
1105 1629 1157 1686 eat
1177 1634 1210 1686 et
1298 1615 1301 1620 ¹

177 1736 265 1804 inira
288 1735 348 1800 aed
367 1736 444 1820 (set)
475 1761 507 1824 p.
526 1740 613 1819 ull),
647 1742 697 1806 sie
717 1738 752 1804 tr.
776 1737 803 1808 l.
825 1760 886 1824 pro
908 1746 958 1803 ert
976 1737 1028 1808 bis
1050 1747 1110 1806 eet.
1155 1739 1208 1807 Dc

178 1908 378 1922 ...σι-

233 2011 258 2077 ¹)
287 2003 430 2060 Similiter
455 2013 499 2060 est
528 2006 585 2075 (st)
606 2005 639 2058 in
663 2014 697 2060 ut
722 2004 911 2080 deprauatum
939 2007 990 2061 Gr.
1017 2023 1053 2062 ex
1076 2007 1108 2062 L.
1134 2010 1209 2066 coni.

281 2096 408 2151 correxit
426 2096 463 2150 ael
478 2099 538 2152 Aet.
557 2098 598 2162 X,
615 2100 642 2161 4,
659 2102 687 2162 5,
706 2096 758 2152 ubi
775 2116 794 2172 y
812 2097 876 2167 [hie
894 2098 1002 2154 uitiosa
1015 2099 1209 2170 geminatione

169 2223 173 2236 ι
280 2197 315 2244 ut
332 2191 378 2256 ut)
397 2206 423 2243 n
441 2208 464 2244 z.
482 2188 543 2244 niu
561 2190 634 2246 flur.
657 2208 682 2244 o:
707 2189 795 2246 Arch.
821 2209 962 2266 ,queem
986 2201 1020 2246 ut
1047 2193 1117 2261 [illd.
1136 2211 1173 2247 rn.
1191 2200 1210 2247 Ξ

280 2281 406 2352 indeque
420 2279 455 2346 Q.
476 2297 508 2353 ψ.
542 2280 665 2337 Helmst.
685 2286 752 2338 Asc.
771 2284 803 2338 G.
817 2285 958 2338 omittamt
975 2284 1144 2338 mendosum
1161 2289 1206 2355 ut]

280 2379 344 2426 acta
354 2375 457 2427 actast.
493 2373 604 2429 Eodem
616 2374 701 2430 modo
712 2392 775 2447 cgu,
792 2375 907 2430 omissis
918 2374 999 2429 miris
1014 2375 1064 2429 Gr.
1075 2375 1209 2431 aliorum·

281 2481 338 2538 que
354 2465 416 2520 UU.
433 2465 498 2520 Dl).
516 2466 691 2521 coniecturis
711 2473 741 2521 ct
756 2466 1058 2541 interpretationibus,
1078 2469 1210 2534 emendo,

280 2556 359 2630 quod
378 2574 413 2612 er
431 2556 490 2613 Md.
510 2557 619 2630 legitur
643 2559 679 2615 ad
696 2560 759 2614 Att.
778 2559 858 2625 xlv,
883 2567 910 2624 1,
928 2564 961 2617 2:
986 2591 1039 2630 p—
1056 2579 1074 2615 e
1092 2567 1123 2616 te
1139 2570 1208 2634 pcto

278 2680 324 2714 —‚
342 2656 376 2703 ut
394 2650 504 2715 uideas,
530 2668 567 2705 ue
591 2651 661 2722 quid
680 2652 707 2713 ei
734 2651 883 2721 [Ciceroni
907 2652 939 2706 F.
959 2659 1022 2707 tum
1037 2653 1069 2707 in
1088 2653 1208 2708 Graecia

279 2743 479 2813 commoranti]
500 2742 577 2796 desit
602 2743 650 2810 [ad
671 2760 757 2797 usum
776 2750 805 2795 ct
821 2743 949 2813 cultum3
968 2743 1005 2796 cf.
1026 2747 1126 2813 11,2].
1173 2742 1208 2797 ltl

281 2849 371 2904 quum
389 2834 426 2887 ad
451 2834 497 2888 off.
522 2841 656 2889 nostrum
674 2835 812 2905 pertinet,
840 2842 902 2888 turn
928 2834 1018 2887 ad-
1035 2834 1206 2904 (lignitatem

282 2922 331 2993 [cf.
352 2928 395 2988 16,
414 2926 442 2987 4,
460 2923 526 2988 XV,
546 2929 580 2977 15
606 2927 652 2995 4]:
678 2924 756 2998 quod
782 2923 859 2979 idern
883 2923 1014 2978 intellexi
1035 2924 1091 2978 tibi
1109 2925 1207 2979 uideri

279 3018 399 3071 connino.
436 3015 468 3069 Si
488 3034 555 3089 erqo
580 3025 633 3082 est,
657 3016 725 3071 uolo
744 3034 843 3073 mense
862 3017 963 3084 Quint.
990 3015 1025 3071 in
1049 3016 1208 3073 Graeciam.

277 3107 371 3178 „Sunt
389 3107 485 3161 omnia
502 3106 659 3163 facilioral.
696 3103 756 3162 Sed
774 3128 865 3182 quum
882 3110 943 3166 sint
964 3092 1004 3164 env
1016 3117 1154 3182 tempora,
1173 3118 1207 3164 ut

279 3199 352 3253 certi
369 3199 444 3253 nihil
463 3217 527 3254 csse
544 3201 638 3272 possit
665 3199 713 3269 [cf.
733 3205 777 3265 13,
795 3203 835 3270 4J,
860 3203 931 3275 quial
956 3182 1113 3259 honestum
1135 3201 1206 3256 milri

279 3291 330 3353 sit,
348 3290 419 3362 quid
442 3291 575 3363 expediat
609 3292 651 3361 [in
671 3291 820 3345 Graeciam
845 3291 994 3364 proficisci
1017 3309 1055 3353 an
1071 3291 1206 3348 initalia

279 3397 410 3449 manere3
429 3380 466 3437 ci.
480 3386 554 3450 5,2;
574 3386 619 3445 10,
636 3386 669 3450 l;
690 3385 732 3445 15,
750 3387 786 3450 33
806 3386 849 3446 16,
862 3386 889 3445 3,
906 3379 1087 3455 maximeque
1103 3385 1146 3443 13,
1161 3382 1205 3449 4]z

278 3489 395 3546 quaeso,
410 3472 580 3546 duoperam‚
595 3481 630 3526 ut
645 3472 728 3525 illum
746 3472 820 3541 [Cic.
832 3472 885 3541 iil]
904 3489 990 3542 quam
998 3469 1205 3525 honestissime

279 3563 536 3639 copiosissimeque
552 3565 706 3618 tucamurt.
731 3562 821 3635 Fugit
839 3562 899 3617 UU.
920 3561 983 3627 m).
999 3579 1054 3636 per
1070 3569 1164 3621 tetum
1177 3561 1206 3616 h.

278 3656 334 3711 loc.
353 3655 400 3729 agi
427 3656 463 3710 de
490 3656 615 3729 pecunie
641 3655 703 3708 filio
730 3670 816 3727 quam
841 3653 1043 3729 copiosissime
1069 3652 1204 3726 suppedi-

281 3736 380 3805 tanda.¹
411 3748 487 3821 Ego,
511 3730 647 3821 quonlam
662 3746 694 3800 in
719 3745 809 3802 Arch.
829 3746 903 3805 tuit:
933 3748 1044 3804 omnino
1063 3747 1089 3803 si
1114 3746 1234 3819 epo'st⁰

281 3841 334 3912 [sic
351 3861 384 3910 23
402 3841 461 3897 Md.
472 3838 587 3913 uulgari
599 3856 696 3897 errore
708 3859 785 3915 erpo,
795 3858 814 3915 y
825 3838 883 3895 ulio
893 3838 967 3894 uitio
978 3842 1044 3915 ope]
1059 3838 1128 3895 aaolo
1142 3842 1206 3904 —¹¹,

277 3949 335 3985 una
360 3932 446 3988 litera
472 3938 581 3988 mutata
606 3933 649 3988 sic
669 3934 781 3991 scribo:
810 3965 863 4009 p-
879 3933 984 3995 uideri.
1025 3934 1156 3995 Omnino,
1177 3932 1203 3985 si

281 4041 342 4095 epo,
357 4035 390 4078 ut
405 4025 473 4081 uolo
484 4014 540 4096 [cf.
553 4031 622 4092 lo‚1
641 4030 792 4101 ltaque-
809 4029 918 4101 copito;
938 4029 1009 4091 lm
1026 4024 1104 4079 exire
1116 4041 1206 4086 aueo,-

278 4119 322 4179 lo,
339 4120 356 4168 3
379 4116 468 4188 Cispio
539 4135 691 4176 excurrere
713 4102 936 4189 iuGraeciam],
960 4132 1058 4177 mense
1076 4115 1205 4183 Quintili
